2154 3460
188 303 347 359 met
423 282 903 369 incrementis
945 287 1179 373 ferme
1235 299 1512 393 nimia,
1564 303 1808 386 videri

187 391 507 496 perinde
555 400 1082 502 &periculosa
1113 404 1380 510 possit:
1437 412 1567 490 nifi
1607 412 1810 496 sacra

191 504 434 578 omnis
487 501 707 597 esset,
752 533 978 616 atque
1055 518 1089 589 ἐι
1140 516 1301 598 Diis
1337 548 1487 625 pro
1530 529 1806 603 merito

185 609 693 716 largientibus,
749 619 924 696 Hoc
954 623 1170 700 titulo
1207 629 1352 728 jam
1384 659 1624 734 porro
1657 633 1809 713 for--

188 746 388 798 tunae
422 719 722 803 securus
759 733 1015 836 augeri
1039 763 1300 841 perge.
1365 740 1811 822 Decentissi-

181 832 336 924 me,
358 834 706 941 reeteque
726 835 1065 944 suprema
1096 875 1407 926 munera
1436 852 1598 928 obit
1622 919 1641 944 ,
1683 859 1811 961 qui

182 967 351 1018 non
375 941 638 1035 ambit,
673 947 948 1051 dignus
986 957 1268 1058 requiri
1293 959 1385 1036 ad
1424 989 1580 1039 non
1617 992 1806 1070 quae-

180 1047 332 1146 fita.
388 1052 628 1147 Quod
657 1055 851 1134 aliud
889 1061 1324 1143 domesticae
1359 1072 1813 1174 pe1·itiae,in-

181 1158 545 1268 dustriaeq3
567 1165 1008 1248 manifestius
1035 1173 1572 1272 testimonium,
1592 1185 1813 1289 quam

184 1269 277 1344 ad
304 1270 531 1348 aliena
555 1275 1061 1380 gubernacula
1087 1291 1377 1392 rogari?
1438 1287 1568 1385 Et,
1594 1322 1813 1397 quan-

183 1379 287 1454 do
315 1378 684 1460 honorem
698 1415 856 1464 non
881 1392 1233 1472 transfert
1260 1397 1586 1477 defeeffis
1616 1402 1812 1482 Can-

182 1487 667 1583 didaeorum,
692 1493 816 1570 sed
851 1504 1139 1604 agnitio
1188 1506 1439 1582 alienae
1476 1511 1811 1611 praestan·

180 1600 330 1679 tiae?
362 1598 517 1695 Qui
551 1599 905 1682 Romano
928 1608 1214 1689 Galero
1244 1617 1808 1719 eaputhaudin-
1867 1631 1881 1638 ⁴

179 1707 537 1784 idoneum
562 1711 1100 1817 supposuissent
1123 1785 1141 1811 ,
1165 1721 1462 1801 facilein
1487 1726 1808 1807 Italiaex-

183 1820 456 1895 ercitus
475 1823 685 1899 eflet:
737 1825 1156 1904 Germania:
1190 1855 1439 1909 tamen
1476 1834 1756 1916 Primas
1791 1905 1810 1931 ,

179 1929 268 2001 ad
298 1926 830 2031 eapesiendum
851 1963 1022 2014 eum
1047 1942 1320 2042 primas
1338 1943 1571 2023 tulisti.
1684 1945 1813 2027 Di-

179 2039 450 2138 gnitati
490 2037 1003 2124 Ratisbonenfi
1042 2049 1263 2128 unica
1299 2056 1619 2161 dignitas
1645 2057 1810 2137 Tua

181 2145 363 2229 fuit:
419 2177 574 2224 non
592 2156 762 2256 quia
788 2154 1107 2235 aliorum
1146 2162 1345 2238 nulla
1369 2205 1387 2259 ;
1443 2163 1570 2242 sed
1606 2167 1809 2245 nulla

178 2263 401 2331 tanta'
521 2258 970 2340 Tridentum
1000 2269 1253 2345 eadem
1281 2272 1389 2349 Te
1421 2277 1537 2350 via
1565 2280 1761 2379 petit
1782 2340 1804 2369 3

179 2365 319 2467 qua
372 2367 703 2469 inprimis
747 2371 1317 2481 Salisburguma
1359 2379 1656 2462 summis
1695 2385 1804 2462 of-

177 2471 359 2548 ficiis
386 2475 475 2550 ad
502 2474 1012 2585 principatum
1042 2519 1061 2573 ς.
1096 2488 1269 2564 inde
1295 2490 1538 2569 Caesar
1570 2496 1660 2571 ad
1694 2499 1800 2572 vi-

178 2585 450 2661 cariam
487 2584 778 2694 Imperii
809 2594 1257 2694 potestatem
1295 2633 1312 2687 3
1364 2602 1606 2706 paulld
1641 2607 1803 2710 pest

174 2691 267 2767 ad
290 2721 785 2798 purpuratum
798 2699 1230 2784 suumColle
1238 2713 1442 2813 gium
1467 2710 1794 2792 summus

175 2797 569 2902 PontifeX3
603 2808 1005 2891 Ratisbona
1032 2844 1267 2922 nuper
1293 2821 1382 2896 ad
1410 2819 1619 2899 fuum
1661 2827 1800 2902 cla-

177 2936 381 2995 vum,
436 2914 652 2995 Vnde
679 2923 970 3001 cuinon
1003 2933 1629 3036 appa1·eat‚quam
1657 2938 1802 3010 vir--

176 3041 296 3097 tus
320 3045 445 3102 tua
464 3027 610 3130 jam
631 3029 718 3107 fit
743 3034 1174 3141 exemplaris
1203 3043 1224 3119 ?
1281 3036 1462 3116 Non
1487 3043 1801 3121 occulto

1015 3149 1090 3244 ><
1146 3177 1187 3223 2
1673 3153 1800 3231 abs
