2118 3455
148 308 243 345 tate
273 290 452 342 amicos
477 301 620 358 parat.
657 287 847 349 inmm,
891 284 926 338 fi
958 303 1017 337 eo
1044 303 1158 337 curn
1187 285 1390 337 nomine
1422 304 1584 339 mane·

142 378 250 415 rent
270 397 286 423 ‚
320 375 629 430 compararet.
735 358 1134 431 Quotusquisque
1165 353 1231 408 est
1253 355 1588 426 Principuim,

141 433 225 503 qui
249 466 265 492 ‚
300 429 335 482 fi
357 446 432 482 tot
452 427 659 499 hospites
681 463 696 490 ‚
728 433 878 480 etiam
898 442 1055 478 tantos
1077 426 1315 497 excipiat?
1344 423 1377 477 si
1402 441 1586 478 tantos:

135 520 197 553 an
220 499 363 551 simili
389 502 536 551 etiam
556 495 885 550 munificentia
905 500 921 548 ?
957 495 1078 548 Inde
1100 515 1187 548 nec
1217 497 1388 547 vicinis
1409 497 1586 547 Princi-

136 570 276 640 pibus
297 572 416 622 tanti
439 571 693 639 quisquam
719 566 950 629 aliorum,
973 582 1121 637 praeut
1138 563 1296 618 noster
1319 564 1439 620 fuit,
1471 564 1583 618 cum

138 640 423 692 visitaverat.
447 637 746 697 Certamina‚
760 649 958 707 pompas
968 672 983 698 ‚
995 636 1015 701 (
1028 636 1143 687 libet
1155 634 1357 708 licetque
1369 634 1524 688 dicere
1539 658 1549 689 :
1563 637 1585 702 )

136 709 414 780 triumphos
436 704 796 778 propemodum
820 705 1035 758 vidimus
1059 705 1120 757 de
1143 704 1368 757 amicitia.
1452 708 1586 758 Invi-

137 780 261 831 tavit
294 787 309 828 ?
349 780 581 830 invitatus
598 774 677 829 est.
703 773 958 827 lautissime
980 775 1155 827 coluit?
1193 774 1407 829 fimiliter
1429 775 1584 828 cultus

136 847 226 905 est5
248 867 306 899 eo
327 864 491 899 tamen
514 846 792 897 discrimine
828 868 839 898 :
885 862 941 897 ut
969 845 1031 897 de
1055 845 1155 897 aliis
1179 844 1455 907 liberalitas,
1489 844 1584 899 de)

135 917 604 968 GUIDOBALDO
641 915 973 985 praedicaretur
998 951 1012 975 ,
1059 918 1107 968 ὃς
1136 930 1383 967 vocaretur
1418 917 1584 965 muni-

133 984 335 1037 ficentia.
407 989 523 1037 Haec
545 981 790 1053 Augustmo
812 986 851 1034 L
866 986 958 1036 EO
972 986 1063 1036 ΡΟ
1080 985 1118 1034 L
1132 985 1182 1035 D
1195 987 1243 1036 O
1269 985 1586 1054 Imperatorio

133 1075 249 1106 cum
271 1055 508 1105 comitatu
529 1053 682 1123 plures
707 1054 759 1104 in
782 1051 882 1105 dies
906 1089 920 1115 ,
966 1054 1152 1105 mirum
1173 1052 1207 1105 fi
1230 1051 1464 1104 sufficiens
1486 1090 1501 1115 ‚
1536 1069 1585 1105 at

134 1127 281 1176 etiam
304 1123 536 1194 superflua
554 1123 675 1181 fuit;
692 1125 823 1194 atqui
845 1140 945 1174 tam
970 1127 1018 1176 ὃς
1039 1139 1167 1193 grata
1191 1145 1202 1176 :
1234 1140 1290 1175 ut
1316 1123 1411 1175 sive
1433 1124 1585 1175 liben-

133 1211 203 1246 ter
225 1210 443 1264 coeptum
463 1195 553 1244 iter
573 1210 850 1246 morantem
865 1229 878 1253 ,
899 1211 960 1244 an
983 1192 1080 1244 illas
1092 1191 1280 1244 delicias
1296 1194 1587 1251 mirantem5

134 1264 299 1315 {altem
321 1262 569 1316 volentem
586 1281 689 1315 non
700 1261 854 1314 modo
877 1264 1122 1315 attineret:
1144 1261 1223 1313 sed
1239 1281 1356 1314 mox
1378 1260 1580 1333 eTyroli

134 1333 375 1385 reversum
397 1335 450 1383 in
471 1331 605 1384 idem
631 1331 900 1403 hospitium
922 1336 970 1386 &
994 1333 1234 1384 lautitiem
1259 1368 1273 1394 ‚
1302 1331 1446 1385 veluti
1467 1351 1584 1384 con-

132 1402 352 1455 strie'tum
375 1401 645 1455 retraheret,
736 1403 1021 1454 Fatebantur
1043 1402 1239 1454 Palatini
1262 1402 1329 1453 ibi
1353 1400 1443 1452 sese
1468 1421 1583 1455 cum

128 1471 315 1526 Caesare
339 1469 440 1525 effe.
545 1473 714 1522 Nemo
739 1508 753 1532 ‚
783 1472 859 1523 Vel
882 1471 994 1524 etim
1020 1471 1046 1524 a
1074 1471 1258 1526 Caesare
1282 1473 1486 1522 inimico
1510 1491 1583 1522 ca·

134 1557 355 1612 petentur
376 1539 542 1593 urbes,
575 1556 735 1591 tantos
760 1541 933 1591 Martis
968 1541 1159 1593 audivit
1182 1539 1367 1610 plausus
1392 1563 1403 1593 ;
1432 1559 1586 1610 quan-

131 1629 206 1664 tos
227 1610 339 1662 cum
360 1611 540 1662 amicus
558 1609 717 1664 Caesar
735 1626 974 1680 caperetur
991 1611 1049 1661 ab
1073 1609 1162 1662 hac
1175 1611 1306 1662 urbe.
1379 1611 1506 1681 Qis
1527 1631 1585 1663 ex

133 1679 321 1734 advena
356 1678 435 1732 illa
473 1679 788 1731 multitudine
828 1677 1097 1731 credidisset
1128 1716 1143 1741 ‚
1195 1681 1361 1750 primae
1404 1680 1587 1751 aliquid

134 1747 500 1820 magnificentiae
525 1751 576 1800 in
597 1747 791 1800 alteram
823 1747 1214 1819 superfuturum?
1233 1766 1280 1800 at
1299 1747 1414 1802 vero
1433 1750 1584 1820 splen-

138 1820 304 1872 didior
326 1819 597 1889 semper,&
618 1820 823 1889 gratior,
853 1837 958 1889 quae
977 1817 1137 1888 postea
1160 1818 1404 1870 edebatur.
1439 1820 1588 1892 Qae-

132 1891 248 1942 libet
292 1889 393 1941 dies
427 1905 561 1941 novo
585 1888 818 1958 obsequio
847 1885 1015 1940 festiva
1045 1925 1060 1950 ,
1103 1888 1319 1959 Hospitis
1353 1895 1584 1959 gratiam,

132 1962 317 2013 mitum
340 1974 581 2030 quantum
604 1958 880 2029 proliciebat
904 1979 914 2010 :
953 1976 1098 2028 quare
1120 1977 1222 2010 non
1260 1958 1585 2031 undequaque

135 2046 389 2082 contentus
413 2026 568 2079 modo
586 2064 602 2091 ‚
624 2026 795 2080 verum
820 2030 967 2079 etiam
997 2044 1226 2081 recreatus
1255 2027 1459 2082 demum
1483 2032 1584 2082 abi-

131 2102 251 2152 bate
282 2096 609 2150 commodum
641 2114 855 2168 expertus
875 2135 891 2159 ‚
931 2117 1044 2149 cum
1075 2095 1316 2151 maiestate
1347 2098 1462 2162 effe,
1505 2100 1585 2152 cui

135 2169 273 2221 suam
294 2167 354 2219 ad
377 2169 599 2222 Comitia
622 2167 939 2219 commiserat.
972 2166 1155 2219 Frustra
1175 2167 1455 2231 largioribus
1479 2189 1582 2222 ver-

137 2240 312 2293 borum
339 2237 561 2307 impensis
583 2237 825 2288 liberalem
848 2237 1291 2288 GUIDOBALDI
1311 2237 1580 2291 beneficen-

137 2312 259 2361 tiam
278 2307 303 2360 ἐ
323 2307 424 2359 solo
447 2305 628 2361 Caelare
649 2304 940 2358 aestimemus
968 2327 979 2357 :
1015 2323 1131 2356 nam
1156 2304 1271 2356 huic
1307 2309 1475 2358 omnia
1498 2307 1581 2360 de·

137 2381 336 2436 bentur5
375 2397 459 2428 nec
481 2378 705 2446 imputari
738 2374 1011 2447 quidquam
1044 2372 1212 2446 potest.
1296 2377 1583 2432 GU1D0--

137 2448 403 2501 BALDUS
426 2446 652 2498 nondum
674 2448 886 2517 Princeps
909 2483 926 2510 ,
973 2444 1069 2512 jam
1099 2445 1160 2498 ad
1183 2443 1325 2498 instar
1355 2445 1584 2516 largieba-

137 2534 217 2571 tur
243 2540 253 2571 :
288 2517 365 2570 vel
390 2515 492 2568 solo
523 2515 752 2568 ominoso
783 2534 842 2568 eo
875 2532 1161 2587 argumento
1188 2513 1347 2635 postea
1372 2518 1581 2570 futurus.

137 2589 319 2640 Unicus
341 2604 503 2640 tamen
524 2586 706 2649 Caesar,
740 2589 970 2639 omnium
994 2603 1158 2658 caput,
1210 2586 1458 2638 iberalitati
1479 2589 1582 2640 eius

141 2657 371 2710 haetenus
403 2656 588 2715 deerat,
630 2653 730 2729 quo
762 2659 922 2709 minus
952 2657 1144 2709 summa
1175 2654 1298 2709 esset.
1371 2656 1511 2709 simul
1542 2660 1583 2710 is

140 2725 324 2784 acceffit
356 2749 367 2782 :
415 2746 535 2783 mox
566 2725 885 2801 augustissima
908 2727 1038 2850 fui?3
1124 2728 1194 2782 Ut
1214 2726 1410 2786 Caesaris
1435 2730 1582 2851 ςετὲἰὶο

1414 2817 1507 2852 cun
1557 2817 1584 2851 a
