2118 3455
118 311 166 363 Si
205 323 324 378 quos
363 300 497 354 causa
539 337 555 354 ,
627 316 708 352 aut
745 297 843 353 fors
876 299 1076 352 obviam
1111 298 1295 353 dederit
1322 323 1332 354 :
1403 320 1569 366 vocat,

120 376 377 446 alloquitur
418 409 432 435 ,
505 372 677 423 invitat
713 388 727 430 5
802 375 851 424 ὃς
884 389 997 421 cum
1032 369 1137 441 ipfis
1170 369 1250 424 est.
1344 372 1572 425 Audiat,

118 443 232 500 vero
251 477 265 502 ‚
311 447 360 497 &
392 441 658 512 alloquatur
703 462 713 493 :
787 439 866 491 {ed
913 442 1045 493 Suos.
1081 440 1220 493 civile
1264 438 1329 493 est
1348 458 1361 499 5
1422 445 1468 493 ὅ(
1503 441 1572 507 ju—

116 532 198 568 vat
222 512 545 565 sciscitantem.
583 509 701 561 fidat
721 546 735 570 ‚
793 527 848 560 ut
880 528 939 560 ne
962 508 1082 580 quid
1120 511 1283 561 alienis
1311 533 1321 563 :
1372 511 1572 563 cautissi-

118 603 277 636 mum.
320 583 566 652 largiatur,
591 579 649 630 ad
671 579 715 630 se
739 597 851 630 cum
872 578 1061 630 foenore
1092 579 1209 630 lucri
1233 616 1248 642 ,
1305 597 1385 631 aut
1413 583 1571 650 gratiae

120 655 284 725 utique
307 652 541 704 reditura:
574 648 918 701 commodum.
956 648 1048 700 sese
1067 651 1268 719 aperiat,
1293 652 1572 702 communi-

121 741 217 775 cet:
243 721 416 793 absque
437 720 645 791 periculo
668 719 885 770 amabile.
960 722 1089 771 Inter
1114 717 1284 770 scilicet
1302 723 1418 771 Suos
1439 722 1504 772 ita
1526 720 1572 772 se

123 793 308 844 habeat.
379 789 587 842 Tametsi
623 788 840 859 profec'to
875 786 1034 839 solidae
1069 787 1162 840 istae
1204 789 1293 841 sint
1335 791 1572 844 virtutes:

121 865 232 933 quia
256 879 419 912 tamen
440 858 729 920 domestic-ce,
751 878 802 908 ac
822 857 965 909 solitae
979 876 992 916 5
1027 856 1122 909 fere
1144 860 1290 909 etiam
1316 858 1432 910 viles
1453 861 1573 912 :mi-

122 936 304 1002 nusque
326 951 381 982 ex
401 928 526 980 mala
548 928 679 996 vulgi
692 963 705 988 ,
734 926 939 997 rudique
962 927 1127 979 indole
1146 925 1468 987 aestiniantur5
1490 945 1574 981 aut

122 1021 207 1052 nec
229 997 561 1063 agnoscuntur.
635 998 847 1066 Dignius
869 1015 982 1065 ergo
1012 998 1204 1048 virtutis
1235 996 1574 1050 testimonium

121 1073 179 1122 ab
206 1057 405 1120 externis
425 1084 664 1138 petemus,
685 1084 807 1143 quos
832 1072 980 1117 nemo
1005 1065 1222 1128 dubitat,
1275 1065 1379 1137 post
1401 1066 1573 1120 dome-

122 1139 284 1200 sticos,
311 1157 361 1188 ac
381 1136 559 1207 parcius
578 1136 808 1187 beneficia
825 1155 982 1205 capere
1003 1159 1013 1188 :
1050 1138 1303 1207 benignius
1327 1153 1507 1199 tamen,
1523 1142 1573 1191 ὃς

123 1207 222 1280 quo
243 1206 401 1259 minus
425 1206 499 1258 his
523 1226 579 1257 ex
601 1205 947 1257 consuetudine
966 1224 1316 1276 provenerunt,
1335 1225 1448 1257 cum
1472 1225 1573 1277 gra-

124 1277 334 1330 titudine
356 1277 580 1329 arbitrari.
653 1277 722 1326 At
742 1276 1034 1329 Clement.me
1058 1278 1271 1346 Princeps
1285 1313 1297 1337 ,
1318 1278 1431 1347 quia
1449 1279 1572 1347 pari-

125 1367 194 1400 ter
218 1346 277 1398 ad
297 1364 465 1399 omnes
482 1383 494 1407 ,
528 1344 827 1416 semperque,
850 1349 897 1398 &
918 1346 1097 1415 ubique
1118 1348 1357 1398 virtutum
1378 1363 1573 1399 tuarum

124 1435 255 1469 totus
288 1437 346 1470 es.
412 1415 593 1468 etiamsi
634 1414 923 1466 tantundem
957 1416 1113 1484 gratiae
1143 1415 1284 1468 alieni
1313 1416 1533 1468 hauriant
1553 1453 1568 1478 ‚

123 1504 362 1558 quantum
383 1504 469 1536 nos
491 1486 829 1554 praecepimus:
861 1487 1022 1535 minus
1052 1501 1215 1536 tamen
1244 1488 1338 1536 Tui
1364 1504 1466 1536 non
1484 1488 1571 1537 eri-

122 1576 230 1608 mus
257 1573 269 1613 5
324 1553 404 1607 sed
437 1554 603 1624 plures.
653 1553 813 1606 immo
835 1571 922 1605 nos
946 1555 1095 1625 magis
1119 1554 1278 1605 adhuc
1304 1557 1426 1618 Tui,
1458 1557 1572 1628 quia

121 1625 321 1676 diutius.

236 1693 453 1762 Delegati
473 1691 533 1743 ad
558 1694 777 1746 Comitia
799 1695 1048 1754 Oratore5‚
1079 1691 1303 1763 sapientia
1334 1713 1385 1745 ac
1412 1690 1642 1748 dexte-X·

127 1764 262 1814 ritate
281 1765 446 1833 utique
477 1760 757 1814 selectissimi
787 1763 1119 1832 experiuntur,
1150 1780 1389 1834 quantum
1422 1768 1576 1817 Famae

124 1832 317 1908 posthac
340 1830 651 1883 credendum.
759 1834 827 1883 Hi
849 1830 1103 1902 postquam
1138 1835 1189 1883 in
1213 1834 1332 1884 serio
1365 1834 1577 1887 consessu

126 1903 377 1969 judicantis
395 1900 701 1972 prudentiam
725 1902 1079 1954 reverebantur:
1109 1901 1168 1952 ad
1190 1921 1398 1967 coenam,
1421 1905 1573 1958 &col-

124 1973 287 2043 loquia
309 1988 390 2023 tua
412 1989 511 2021 non
534 1968 749 2032 admissi,
781 1970 859 2022 sed
885 1972 1100 2024 invitati,
1139 1970 1436 2025 discurrentis
1461 2010 1476 2035 ‚
1507 1991 1577 2026 at-

124 2061 218 2112 que
239 2061 349 2092 cum
370 2039 595 2111 potestate
616 2039 900 2092 blandientis
930 2042 1154 2111 Principis
1185 2060 1394 2112 apertam
1423 2046 1576 2096 comi-

130 2127 277 2162 tatem
316 2109 630 2161 demirantur.
713 2113 782 2161 Ita
810 2109 1013 2162 suaviter
1053 2128 1386 2176 PRovocAs‚
1431 2131 1500 2166 RE
1517 2134 1574 2165 n-

127 2199 187 2232 DI
207 2197 353 2244 sQiE
392 2199 446 2231 s1-:
459 2198 709 2231 RMONEs.
744 2183 791 2232 ὃς
815 2198 936 2250 quos
959 2178 1223 2232 lautissimis
1242 2184 1389 2252 epulis
1409 2184 1605 2254 imple-.

127 2248 264 2303 visti:
292 2249 378 2300 illis
397 2248 682 2300 affabilitatis
709 2248 868 2299 adhuc
908 2266 1105 2299 NuLLA
1139 2267 1239 2300 SAT
1262 2269 1437 2304 IETAs
1478 2272 1577 2305 AD-

125 2337 261 2377 EsT5
301 2337 562 2380 QUANDO
609 2336 868 2369 siNcERA
907 2335 1142 2372 oMNiA,
1171 2338 1243 2371 ET
1282 2338 1469 2383 VERA,
1503 2341 1575 2374 ET

124 2406 372 2440 ORNATA
416 2406 777 2439 GRAVITATE-
850 2389 971 2438 Non
1000 2404 1162 2440 autem
1198 2391 1321 2441 inter
1350 2393 1574 2444 convivia

127 2457 305 2520 modo,
326 2477 407 2509 cor
424 2474 567 2509 tuum
589 2455 725 2509 edere
746 2456 862 2509 soles
877 2493 891 2518 5
918 2474 973 2508 ut
994 2457 1103 2510 alias
1137 2458 1376 2514 clausum,
1405 2460 1574 2512 condi-

124 2526 323 2599 tumque
342 2545 496 2579 teneas
508 2544 522 2585 5
545 2526 728 2578 firmius
745 2529 924 2578 amicos
944 2546 1046 2580 non
1067 2528 1400 2593 devinffiffirus,
1420 2529 1572 2602 quam

125 2597 178 2648 in
199 2616 388 2650 coenam
411 2599 644 2649 durantes.
689 2596 1109 2651 Constantiflimos
1140 2599 1301 2653 habes.
1376 2618 1431 2653 ut
1448 2620 1572 2673 quos

122 2683 287 2718 natura
309 2684 415 2730 tua,
453 2687 554 2719 non
577 2666 791 2720 studium
805 2669 1000 2739 paravit.
1071 2667 1152 2722 Ad
1175 2669 1391 2723 mensam
1411 2670 1509 2722 hos
1532 2673 1571 2722 i-

122 2751 191 2789 tes
218 2754 471 2802 vocantur,
495 2741 544 2792 &
566 2740 795 2803 veniunt,
818 2756 871 2792 ut
905 2738 1076 2792 abeant
1110 2742 1251 2792 amici
1274 2759 1288 2801 5
1338 2743 1390 2794 in
1419 2691 1571 2812 polie-

900 2811 935 2863 F
963 2829 988 2861 2
1459 2830 1569 2864 rum
