2118 3455
459 335 601 395 ensis,
628 329 936 391 Brixinensffi,
961 329 1154 400 aliaeque
1176 329 1448 398 Dignitates
1471 329 1630 386 saltem
1663 338 1824 400 TuoS,
1858 341 1906 393 &

461 426 519 458 ex
552 403 779 473 sanguine
824 401 1107 471 petiverunt.
1220 398 1456 450 Tridento
1499 406 1654 471 negari
1693 409 1769 457 Tu
1804 409 1902 478 ipse

461 492 564 526 non
601 470 840 524 debuisti:
882 470 967 539 qui
1003 467 1126 519 solus
1160 483 1232 519 tot
1266 467 1437 519 saeculis
1473 475 1721 528 emeritam
1745 475 1904 544 spem„

462 561 562 595 tam
587 540 686 594 sero
708 538 1011 609 compensare
1031 554 1179 608 potes.
1271 535 1494 591 Difficilis
1524 541 1651 592 nulla
1682 542 1802 594 adeo
1835 565 1905 598 res

464 613 528 665 est
553 650 565 665 ,
596 629 744 682 quam
788 608 965 661 deseras
1007 607 1265 668 infectam,
1306 624 1388 659 aut
1424 608 1530 661 laeto
1561 610 1659 663 fine
1687 611 1902 665 successu.

522 702 566 733 ui
635 700 659 732 e
679 717 691 733 ,

465 686 550 755 Q
572 701 633 792 p?-
704 783 726 794 -
794 755 857 798 th
876 756 1044 816 quisque
1065 769 1152 797 rem
1174 761 1346 798 accurat
1354 749 1510 814 sicam:

636 826 705 871 Sic
724 826 761 868 ei
771 824 999 888 procedunt
1014 823 1296 889 postprinctpia
1316 823 1502 888 denique.

466 896 524 945 Et
542 889 656 944 Vero
675 889 794 962 quid
815 890 979 952 ardui,
1004 885 1246 962 obicisque
1266 891 1497 962 impediat
1511 928 1524 943 ‚
1548 891 1599 941 in
1625 890 1909 961 quotidiana

467 962 526 1013 ad
547 963 777 1014 virtutem
797 998 810 1013 ,
838 981 922 1012 nec
946 960 1172 1011 aliorsum
1193 960 1300 1011 trita
1316 960 1421 1012 via?
1448 965 1504 1011 ln
1526 960 1673 1021 hanc,
1703 960 1910 1032 reliquis,

467 1048 711 1103 quotquot
743 1032 874 1100 praeis
907 1030 1229 1099 Principibus,
1269 1033 1336 1081 Te
1364 1030 1434 1081 llli
1468 1045 1519 1082 ut
1551 1027 1805 1099 sequantur
1830 1049 1911 1081 ne-

467 1099 580 1152 celle
603 1099 679 1153 est.
755 1099 868 1152 llluc
883 1118 994 1169 ergo
1015 1098 1136 1169 ipsos
1157 1098 1318 1160 ducis,
1355 1100 1438 1149 ubi
1459 1097 1767 1159 Concordia,
1784 1099 1911 1149 nulla

469 1169 654 1222 invidia
675 1171 830 1238 agitat.
904 1168 1112 1219 Alterius
1141 1169 1390 1228 animum,
1429 1168 1513 1219 nisi
1539 1185 1624 1237 pro
1646 1166 1820 1218 eodem
1842 1169 1913 1238 pi-

468 1258 645 1310 gnore,
671 1237 837 1290 frustra
860 1238 1227 1307 integerrimum
1244 1237 1329 1288 fibi
1361 1238 1598 1307 quispiam
1627 1236 1914 1306 promiserit.

473 1327 618 1371 auro,
641 1306 788 1375 gratia
808 1344 821 1369 ‚
846 1306 1078 1359 beneficio
1099 1323 1288 1377 emptus
1310 1343 1324 1368 ,
1363 1305 1503 1358 instar
1526 1307 1692 1357 mercis
1715 1305 1915 1360 habeb:

471 1380 555 1430 ubi
580 1378 745 1430 forum
769 1376 856 1439 est,
880 1392 1190 1448 permutatur.
1283 1375 1702 1448 Qiandoquidem
1727 1377 1918 1427 animus

470 1449 667 1501 fincerus
692 1451 738 1500 ὃς
761 1446 905 1509 liber,
930 1445 1098 1500 divina
1123 1444 1206 1497 sua
1240 1444 1474 1515 dignitate
1498 1445 1642 1507 nulli,
1698 1464 1751 1495 ac
1791 1444 1921 1499 nulla

469 1538 631 1570 rerum
655 1517 934 1569 mortalium
949 1517 1210 1585 comparari
1222 1518 1397 1583 patitur
1411 1537 1420 1566 :
1436 1514 1680 1566 suummet
1692 1514 1787 1584 ipse
1808 1534 1912 1583 pre-

471 1589 597 1639 tium
623 1587 745 1638 solus
775 1585 866 1637 sese
890 1586 975 1637 fibi
999 1585 1285 1654 compensat.
1382 1583 1500 1636 Inde
1521 1587 1619 1636 veri
1651 1584 1916 1654 integrique

473 1659 615 1708 amici
637 1656 913 1724 Alteri—ipli.
984 1657 1147 1724 Atque
1169 1652 1252 1704 ista
1272 1651 1478 1704 demum
1512 1653 1786 1704 humanitas
1817 1653 1882 1705 est
1904 1675 1916 1706 t

474 1725 572 1796 qua
616 1725 841 1776 homines
866 1760 880 1786 ‚
937 1725 1009 1774 uti
1051 1721 1147 1793 ipsa
1177 1721 1372 1794 iimplex
1405 1725 1554 1773 virtus
1576 1758 1590 1784 ,
1637 1722 1722 1772 uni
1756 1723 1918 1773 inten..

475 1797 520 1848 se
544 1833 557 1858 ,
580 1794 826 1865 iidemque
845 1795 1036 1846 vivunt.
1074 1790 1183 1843 alias
1214 1794 1297 1842 vix
1332 1791 1584 1852 homines,
1608 1806 1689 1841 aut
1720 1810 1805 1842 nec
1828 1791 1918 1842 ho-

472 1868 626 1916 mines
644 1865 932 1914 censeantur,
969 1859 1063 1931 qua
1083 1877 1211 1930 parte
1231 1861 1364 1910 enim
1385 1858 1607 1910 homines
1622 1895 1636 1921 ‚
1660 1859 1692 1910 fi
1715 1879 1815 1910 non
1826 1859 1919 1912 hu-

476 1936 642 1992 n1ani5
672 1948 751 1983 aut
772 1931 976 1981 humani
1000 1966 1014 1992 ‚
1038 1929 1070 1981 si
1094 1947 1194 1980 non
1224 1928 1482 1979 homines?
1529 1929 1696 1979 Multo
1727 1946 1917 1982 autem„

475 2001 687 2055 maxime
708 2001 1009 2052 summatum
1034 2000 1245 2069 potentia
1267 2036 1280 2050 .-
1315 1997 1426 2049 ciim
1460 1997 1551 2049 sese
1580 1996 1806 2048 hactenus
1837 1998 1918 2052 de-

475 2075 656 2134 mittit,
681 2087 862 2122 mentes
882 2071 1003 2139 capit
1029 2074 1076 2122 &
1097 2068 1320 2119 homines
1347 2090 1357 2121 :
1430 2065 1626 2138 quando
1647 2067 1815 2119 scilicet
1842 2066 1919 2123 se.)

479 2143 590 2196 tales
615 2144 761 2193 etiam
783 2141 894 2193 Diis
922 2140 1068 2208 geniti
1082 2137 1355 2208 agnoscunt.
1400 2139 1511 2207 quia
1533 2136 1722 2188 summa
1743 2136 1918 2189 autho-

478 2216 587 2264 ritas
611 2210 759 2262 fidem
781 2211 894 2259 citra
915 2208 1148 2266 dubium5
1180 2208 1379 2277 gratiam
1400 2206 1518 2257 ultra
1543 2205 1692 2258 fidem
1718 2206 1917 2259 habet-‚-

477 2285 697 2335 Praeterea
720 2280 931 2347 Princeps
946 2314 959 2339 ‚
990 2293 1233 2348 quotquot
1258 2276 1536 2328 mortalium
1559 2276 1653 2345 ipse
1678 2294 1815 2346 caput
1836 2275 1918 2330 est,

476 2353 709 2404 omnium
734 2367 841 2419 erga
863 2348 907 2399 se
930 2346 1123 2398 affectus
1147 2351 1194 2399 ὅ(
1214 2348 1400 2398 animos
1421 2345 1550 2399 velut
1572 2347 1704 2408 suos,
1737 2345 1922 2398 secums

479 2424 521 2473 ei
544 2419 708 2471 afferre
729 2417 959 2475 creditur,
984 2418 1116 2468 cuius
1139 2418 1357 2467 amicitiae
1381 2415 1425 2467 se
1447 2417 1688 2470 immittit.
1779 2413 1921 2485 Qid

481 2495 615 2543 enim
635 2491 847 2558 Princeps
873 2525 885 2548 ‚
923 2486 1008 2538 nisi
1033 2489 1271 2537 maximus
1301 2521 1315 2547 ,
1357 2485 1452 2538 sive
1473 2485 1701 2556 plurimus
1734 2484 1923 2535 homo?

481 2559 683 2631 proinde
704 2558 970 2628 plurimum
1003 2555 1260 2607 humanus
1354 2554 1727 2606 Placidissimum
1758 2572 1919 2604 exem-

482 2631 646 2701 plum,
682 2628 819 2680 simul
851 2628 1026 2680 vivum
1057 2624 1334 2695 suspicimus
1367 2627 1417 2676 iu
1472 2624 1920 2676 GUIDOBAL-

486 2702 611 2752 DO.
678 2697 737 2749 de
760 2699 894 2748 cuius
925 2693 1127 2766 gratiosa
1156 2695 1458 2746 humanitate
1488 2693 1520 2744 fi
1544 2708 1769 2761 rogentur
1802 2693 1924 2743 eius-

486 2768 602 2820 dem
629 2766 874 2838 populares
898 2789 907 2818 :
929 2784 1076 2836 prope
1114 2766 1487 2817 contubernium
1517 2760 1922 2883 profitebuntur}

1911 2850 1927 2882 1
