2118 3455
470 340 609 415 poffe.
633 342 956 415 antiquissima
980 343 1111 395 enim
1134 358 1265 405 κως,
1298 342 1782 416 fimulfimpliciffime
1805 345 1899 398 sim

469 432 570 464 cera
594 412 688 465 fuit
707 450 720 476 ,
753 434 838 465 nec
858 413 1109 465 ambitiosa
1129 413 1249 484 quid
1273 411 1457 479 ja&aret
1477 413 1574 466 sero
1595 413 1899 477 vi&u1·is‚sed

464 482 584 553 quid
607 485 968 554 quamprimum
1001 482 1190 536 strenuo
1222 484 1440 555 exemplo
1461 482 1594 542 effet5
1627 485 1716 536 suis
1736 487 1898 538 annis,

464 551 613 623 quam
650 552 846 605 suorum
882 555 1125 605 annalibus
1158 555 1352 605 intenta.
1448 551 1570 624 Ergd
1601 556 1768 605 Romae
1798 554 1892 605 hoc

462 640 609 691 genus
632 624 698 672 ita
720 622 907 692 pridem
929 625 1049 674 inter
1071 623 1280 685 nobiles,
1305 622 1355 674 id
1379 622 1470 685 est,
1503 625 1710 693 Equites,
1726 626 1893 675 etiam-

459 692 581 745 dum
609 690 715 744 vere
739 695 1014 754 Romanos,
1055 693 1278 764 cultuque
1299 696 1516 763 egregio5
1555 693 1729 762 quibus
1748 691 1893 744 subli..

458 758 539 811 me
571 761 598 812 a
626 762 774 832 vulgo
796 761 937 825 stare,
985 779 1124 834 atque
1156 761 1363 832 praestare
1395 764 1645 833 oportuit?
1675 763 1789 814 Satis
1817 760 1892 812 di-

457 830 608 881 cium.
629 831 704 883 vel
729 831 879 883 hodie
901 834 953 882 in
978 832 1100 883 hanc
1124 831 1371 885 historiam
1397 832 1650 885 divertenti
1680 832 1888 883 obvium

455 897 548 953 est,
572 903 739 971 quanti
762 920 814 952 ea
839 919 955 952 tunc
973 901 1099 972 apud
1121 903 1337 973 Qirites
1361 900 1582 973 dignitas.
1632 903 1757 972 Qis
1787 919 1889 952 non

452 971 656 1021 miretur
678 971 953 1040 generosam
984 971 1105 1023 adeo
1123 973 1429 1043 vicinamque
1453 974 1561 1024 Diis
1599 969 1891 1024 senectam-3

450 1039 666 1091 Praeclara
690 1040 765 1090 illa
788 1040 1158 1093 Thunnenfium
1188 1044 1343 1112 prima
1371 1057 1688 1093 monumenta
1709 1060 1764 1092 ex
1785 1040 1887 1090 luce

449 1108 691 1160 Vulcanus
726 1111 777 1160 in
805 1109 968 1161 fumos
993 1130 1107 1162 cum
1137 1110 1347 1164 Fortuna
1370 1110 1609 1163 abstulerit
1634 1130 1646 1164 :
1685 1129 1785 1161 non
1808 1129 1887 1179 pe-

448 1177 587 1229 rinde
608 1181 807 1230 extinxit
830 1215 843 1241 ‚
873 1180 947 1232 vel
975 1196 1084 1231 tum
1120 1181 1293 1231 mobili
1317 1180 1399 1231 illo
1430 1182 1651 1232 Numine
1676 1181 1884 1231 nobilio-

446 1265 516 1297 res
539 1284 554 1309 ,
578 1249 710 1298 cuius
738 1247 924 1300 invidia
948 1249 1083 1319 digni
1105 1285 1119 1311 ,
1155 1249 1450 1322 maioresque
1477 1248 1622 1301 fuere.
1692 1248 1880 1301 Subdu-

445 1316 532 1367 &is
554 1317 614 1368 ad
646 1337 802 1368 unum
827 1337 974 1389 usque
1004 1338 1059 1370 ex
1088 1316 1189 1371 vita
1220 1320 1399 1382 Fabiis,
1440 1321 1654 1389 (Qintus
1692 1319 1883 1369 virtutis

442 1384 590 1437 haeres
610 1423 625 1449 ‚
667 1386 926 1457 posteritati
959 1392 1008 1441 &
1043 1390 1290 1440 memoriae
1332 1388 1456 1440 solus
1487 1390 1651 1459 super,
1680 1384 1879 1457 satisque

441 1453 560 1517 fuit,
585 1454 611 1507 a
628 1474 730 1526 quo
751 1475 897 1526 genus
909 1457 1188 1510 universum
1209 1458 1482 1510 censeretur.
1554 1458 1885 1509 Thunnorum

440 1523 702 1594 praestantia
739 1528 920 1596 semper
950 1528 1101 1596 plures
1132 1527 1365 1590 servavit,
1402 1526 1551 1597 quam
1587 1542 1642 1577 ut
1682 1524 1880 1577 deficere

438 1591 652 1662 possent3
673 1593 854 1665 semper
878 1594 1170 1658 illustriores,
1191 1597 1340 1667 quam
1366 1594 1585 1649 utlatere.
1620 1598 1735 1648 Ecce
1746 1595 1878 1646 enim

438 1662 730 1716 Conradum
769 1664 830 1715 de
858 1664 1007 1717 Thun
1031 1669 1310 1736 antiquitate
1343 1685 1395 1717 ac
1424 1665 1650 1735 religione
1681 1664 1880 1715 celeber-

435 1733 558 1783 rima
588 1732 665 1783 illa
692 1737 888 1784 Eremus
922 1768 933 1784 ‚
969 1753 1021 1784 ac
1045 1734 1303 1787 Helveticis
1326 1733 1446 1804 jugis
1470 1735 1698 1785 incubans
1724 1732 1881 1783 admi-

434 1799 592 1852 randae
631 1803 845 1871 Virginis
883 1802 996 1854 felix
1028 1802 1169 1854 AEdes
1191 1803 1312 1854 Illmos
1348 1805 1471 1854 inter
1500 1803 1608 1854 suos
1646 1804 1877 1871 Principes

433 1874 482 1922 &
502 1868 751 1921 Antistites
771 1888 1001 1922 numerat.
1038 1890 1185 1942 quem
1216 1869 1330 1923 vero
1349 1871 1452 1933 illa,
1483 1872 1569 1923 nisi
1596 1871 1761 1922 sanctae
1781 1874 1872 1923 luae

431 1939 656 2010 dignitati
679 1944 867 2010 parem?
892 1938 961 1992 Ec>
983 1959 1132 2018 usque
1167 1943 1459 1993 Eminent.me
1479 1942 1717 2011 Princeps>
1746 1943 1876 1992 Gen-

431 2009 491 2060 tis
516 2025 606 2059 tuae
625 2008 773 2079 gloria
790 2011 951 2063 venit,
986 2011 1070 2061 ub1
1109 2012 1283 2081 primas
1305 2012 1416 2062 Tibi
1439 2010 1533 2079 ipsa
1562 2009 1621 2061 ad
1653 2009 1874 2062 Salisbur-

430 2077 626 2148 gensem
648 2078 778 2129 hunc
808 2078 1108 2131 Praesulatum
1147 2078 1362 2132 invidere
1391 2080 1641 2138 videatur5
1684 2078 1770 2130 nifi
1805 2077 1872 2130 se-

431 2146 602 2203 cundae
639 2147 880 2218 digniores
902 2148 1086 2202 forent:
1112 2151 1351 2219 quoniam
1370 2149 1545 2201 eodem
1567 2150 1618 2200 in
1645 2147 1872 2217 sanguine

428 2215 632 2268 honoris
663 2218 1013 2269 incrementum
1057 2218 1082 2270 a
1121 2217 1389 2290 trequentia
1426 2217 1608 2289 praestat
1634 2217 1872 2288 exemplo-

428 2305 556 2338 rum.
626 2288 887 2355 Sagaciores
909 2286 1011 2340 fasti
1035 2286 1131 2354 jam
1152 2287 1342 2359 pridem
1364 2288 1547 2340 Gentili
1566 2305 1652 2339 tuo
1669 2289 1869 2339 Archie-

426 2355 658 2426 piscopale
691 2356 786 2407 hoc
810 2356 1010 2408 Pallium
1030 2394 1044 2411 ,
1103 2357 1227 2409 hanc
1248 2359 1453 2410 Mittam
1476 2360 1751 2428 imponunt.
1775 2358 1869 2407 im-

427 2441 617 2495 ponunt
637 2429 685 2478 ὃς
716 2425 902 2478 fallunt,
930 2428 1013 2497 qui
1037 2445 1137 2477 non
1170 2425 1370 2479 afferunt
1392 2446 1406 2487 5
1453 2428 1729 2481 Ottonianis
1751 2425 1869 2476 scili-

426 2494 599 2545 cetillis
633 2495 782 2546 turbis
809 2532 823 2558 ‚
873 2500 919 2549 &
953 2497 1138 2547 vicibus
1160 2496 1341 2549 confuli
1367 2534 1380 2559 ‚
1430 2497 1717 2567 deceptique.
1789 2498 1866 2546 Se-

425 2564 612 2614 cundus
625 2565 768 2633 igitur
791 2585 845 2616 ex
868 2565 1425 2637 Tliunnenfibusjuvavi
1450 2566 1667 2617 summus
1691 2583 1736 2615 es
1758 2566 1863 2615 An-

424 2631 564 2684 tistes.
625 2634 878 2685 Secundus.
904 2654 1078 2706 nempe
1103 2635 1243 2694 felix5
1279 2640 1326 2689 ὅ(
1347 2654 1567 2697 numero,
1591 2652 1737 2705 quem
1770 2636 1863 2703 pri-

424 2722 535 2753 mus
559 2721 658 2753 non
683 2703 824 2756 habet
840 2741 854 2766 ‚
881 2704 1152 2756 foecundus.
1226 2705 1532 2758 Rarissimum
1556 2702 1697 2765 vero,
1722 2720 1861 2774 atque

423 2771 540 2826 huic
583 2771 801 2843 sanguini
835 2773 955 2827 certe
992 2777 1192 2829 unicum
1225 2777 1414 2835 virtutis
1439 2813 1454 2832 ,
1487 2774 1781 2844 honorisque
1805 2773 1861 2824 fit

1719 2844 1858 2914 speci-
