2118 3455
488 310 739 383 Siquidem
763 308 1077 380 quantumvis
1099 306 1285 369 meriti,
1306 309 1557 379 gratiaeque
1577 309 1793 381 Princeps
1812 312 1943 364 vici-⁷.

489 385 578 444 nis,
599 380 861 433 externisve
883 380 932 428 in
946 379 1122 447 Regnis
1146 377 1275 429 serit:
1345 375 1558 444 ejusdem
1587 378 1637 429 id
1659 399 1806 432 omne
1828 401 1928 433 me*

487 468 625 513 tunt,
664 446 982 518 fruunturque
1011 448 1282 500 Provinciae.
1362 446 1609 517 Propterea
1638 450 1929 503 GUIDO-

491 525 530 575 B
545 523 590 574 A
604 523 641 571 L
656 522 706 571 D
720 521 803 570 US
819 558 830 576 ,
853 516 1035 568 etiamsi
1058 515 1273 587 sumptus
1302 516 1354 567 in
1381 516 1662 570 domesticas
1689 518 1842 570 causas
1859 519 1928 572 fa-

487 593 550 643 &i
566 628 579 653 ,
600 590 865 658 computari
885 585 1085 657 quidem
1107 584 1303 657 possint5
1328 588 1379 637 in
1401 603 1590 649 exteras,
1613 589 1695 641 vix
1726 586 1895 655 conjici
1916 612 1926 643 :

487 662 650 712 alienis
672 656 1051 728 promptilsimus
1070 692 1084 718 ,
1142 655 1234 707 suis
1261 657 1442 726 parcior
1468 657 1621 710 videri
1648 676 1749 708 non
1768 657 1924 710 debet.

484 733 629 783 Parva
650 729 853 779 narratio
872 728 1075 778 Patriam
1097 729 1281 787 excitet,
1306 744 1357 776 ac
1377 726 1587 779 lividum
1617 726 1838 779 dolorem
1866 728 1929 778 le-

486 816 580 857 vet,
604 814 684 850 aut
709 795 1123 868 ingratitudinem.
1196 795 1279 847 Ad
1308 794 1576 866 perfe&un1
1600 799 1818 848 maximae
1843 800 1929 850 Ba-

484 870 616 921 filicae
635 882 995 928 ornamentum,
1018 882 1212 917 centum
1234 867 1406 935 viginti
1430 865 1532 917 duo
1554 867 1931 937 Philippicorum

484 938 749 990 nummum
774 936 921 988 millia
941 937 1214 988 numeravit
1224 971 1238 997 ‚
1272 933 1454 1004 largiter
1484 938 1567 1006 pio
1598 938 1831 1006 principio
1855 936 1930 988 fu·

484 1025 589 1061 tura
622 1007 880 1077 auspicatus
919 1024 1072 1076 opera.
1148 1006 1304 1066 Mox,
1345 1022 1399 1056 ut
1437 1008 1682 1057 Provincia
1712 1006 1930 1068 sentiret,

483 1095 720 1150 quantum
743 1075 923 1147 praestet
945 1076 1156 1143 Principe
1178 1073 1294 1135 frui,
1318 1073 1468 1145 quam
1493 1076 1774 1126 Dominum
1794 1077 1889 1144 pati
1917 1098 1929 1128 :

486 1152 544 1200 ln
565 1149 725 1199 Patriae
748 1144 1025 1197 universum
1039 1180 1052 1206 ,
1074 1142 1415 1214 diversumque
1435 1143 1653 1195 levamen
1669 1180 1682 1204 ,
1705 1162 1756 1193 ac
1781 1146 1930 1195 incre-

485 1233 725 1277 mentum,
750 1214 844 1286 qua
876 1214 1036 1265 debita
1058 1211 1375 1273 exsolvendo,
1419 1210 1515 1283 qua
1547 1214 1810 1264 exaftiones
1838 1215 1931 1264 mi·

482 1285 708 1358 tigando,
725 1284 858 1356 supra
881 1283 1072 1354 vigesies
1095 1282 1236 1334 sexies
1259 1299 1455 1334 centena
1482 1283 1633 1334 millia
1656 1281 1929 1353 Philippum

483 1358 658 1428 partim
682 1352 943 1425 impendii,
965 1354 1142 1424 partim
1167 1351 1445 1422 compendii
1472 1351 1598 1404 fecit.
1672 1350 1791 1424 Qo
1823 1356 1937 1404 Suc-.

481 1426 729 1478 cel'loribus
747 1426 893 1476 etiam
916 1422 1095 1474 fruffihis
1119 1421 1339 1493 aliquod,
1367 1422 1447 1474 seu
1477 1420 1680 1492 exempli
1713 1420 1931 1475 benefici-

482 1517 570 1547 um
593 1496 787 1547 locaret:
823 1493 983 1545 solitos
1005 1492 1184 1545 reditus
1204 1492 1304 1562 plus
1324 1493 1672 1562 quinquaginta
1691 1490 1766 1544 sex
1787 1492 1933 1543 milli-

484 1567 574 1618 bus
594 1567 737 1616 auxit.
780 1580 906 1615 extra
926 1581 1075 1633 quem
1096 1580 1385 1614 numerum,
1406 1562 1524 1631 alpes
1550 1560 1752 1630 insuper,
1778 1561 1898 1613 villae
1912 1597 1927 1624 ‚

481 1637 568 1687 alia
591 1650 719 1686 emta
734 1670 747 1686 2
769 1631 965 1693 stru&a‚
990 1630 1161 1683 refecta
1179 1630 1346 1700 grandi
1372 1631 1457 1682 suo
1478 1630 1585 1682 sunt
1604 1633 1771 1700 pretio.
1819 1631 1930 1682 Du-

478 1706 578 1756 bias
602 1719 819 1775 praeterea
851 1701 1047 1762 caullas,
1086 1699 1326 1750 diuturnis
1354 1699 1738 1769 sumptuosisque
1767 1699 1930 1751 litibus

479 1794 640 1846 graves
655 1811 668 1827 ‚
692 1773 902 1842 ingenti,
924 1769 1000 1822 sed
1025 1769 1231 1839 pretioso
1248 1766 1441 1840 quoque
1455 1768 1615 1821 studio
1639 1771 1928 1839 compoluit,

480 1844 678 1915 optabili
704 1840 1004 1911 posterorum
1029 1840 1208 1909 quieti,
1267 1857 1318 1888 ac
1348 1839 1492 1888 lucro.
1576 1845 1634 1890 lit
1668 1839 1781 1908 quia
1808 1841 1928 1890 tanti

480 1913 681 1985 quisque
699 1908 935 1966 censetur,
954 1909 1120 1979 quanti
1139 1926 1190 1958 ea
1214 1925 1318 1976 quae
1341 1906 1474 1960 facit:
1511 1924 1674 1977 praeter
1699 1907 1800 1969 illa,
1821 1927 1928 1979 quae

480 1983 541 2035 ad
564 1979 782 2043 aulae,vel
803 1980 930 2030 urbis
952 1976 1279 2028 commodum
1302 1974 1508 2046 spedtant
1529 1998 1539 2029 :
1581 1976 1750 2027 decora
1776 1976 1924 2038 certe,

479 2053 636 2124 qualia
658 2069 751 2101 una
773 2068 873 2119 pars
892 2049 1048 2108 orbis,
1096 2063 1178 2097 aut
1206 2066 1291 2097 nec
1326 2045 1420 2116 ipse
1452 2047 1622 2108 habet,
1647 2087 1650 2090 ⁴
1678 2046 1927 2116 publicum

483 2121 590 2174 heic
612 2121 671 2171 ad
695 2118 891 2170 oculum
912 2116 1141 2186 exposuit.
1215 2115 1649 2168 Praestantissimum
1684 2117 1735 2167 in
1767 2132 1927 2186 aperto

482 2191 591 2244 foro
615 2194 762 2250 Fons,
783 2204 863 2238 aut
884 2186 1038 2239 veritis
1058 2184 1302 2236 &candido
1324 2205 1580 2247 marmore,
1604 2190 1650 2238 &
1666 2203 1762 2236 arte
1773 2186 1925 2237 Mons

482 2261 563 2314 est,
584 2259 785 2331 pulchrae
808 2256 1093 2307 liberalitatis
1113 2274 1204 2316 res,
1231 2271 1367 2326 atque
1390 2255 1683 2327 symbolum.
1722 2274 1927 2326 aquam„

481 2334 532 2383 in
556 2326 771 2400 luprema
793 2324 977 2377 concha
1000 2342 1161 2376 natans
1189 2327 1360 2376 Triton
1389 2327 1581 2393 triginta
1613 2324 1769 2377 Stadia
1792 2344 1925 2376 cana-

479 2401 602 2452 libus
624 2396 842 2450 adfusam
862 2398 913 2448 in
933 2398 1171 2465 proximas
1194 2396 1341 2446 nubes
1364 2391 1572 2465 exspuit,
1595 2399 1642 2448 ὃ(
1662 2396 1822 2466 procul
1841 2414 1921 2446 ve-

478 2472 721 2522 nientibus
752 2469 975 2517 miracula
1003 2467 1235 2535 propinat.
1308 2465 1676 2535 Hippodromus
1705 2465 1921 2525 alterum,

479 2560 530 2591 ac
549 2538 804 2607 Principale
827 2536 983 2598 decus,
1006 2552 1206 2587 vacuato
1226 2552 1394 2586 monte
1409 2571 1422 2597 ,
1445 2540 1491 2587 &
1521 2537 1571 2586 in
1601 2532 1923 2603 Amphithea-

481 2613 542 2661 tri
585 2608 796 2660 modum
830 2623 1020 2666 cavato,
1055 2606 1304 2674 antiquam
1344 2604 1747 2675 magnificentiam
1790 2620 1924 2656 novo

482 2677 640 2731 studio
675 2676 936 2728 aemulatur.
1007 2677 1172 2725 Praeter
1199 2675 1482 2745 Templum,
1515 2674 1691 2725 Aulam
1728 2676 1776 2725 &
1806 2672 1922 2726 alia,

479 2747 643 2800 Musas
668 2749 836 2809 etiam,
859 2765 973 2815 quas
998 2743 1332 2803 liberalissimas
1361 2745 1565 2812 ingenio
1588 2742 1674 2794 suo
1705 2759 1922 2813 expertus

1839 2811 1920 2862 hic
