2118 3455
195 321 339 378 senda
360 320 440 378 est.
512 325 580 376 Ex
601 319 852 376 Helvetica
870 337 1106 391 germanae
1135 318 1249 374 fidei
1270 321 1348 376 illa
1367 344 1506 396 gente
1536 334 1640 387 Au.

192 396 306 447 thor
322 392 412 456 est,
439 395 599 446 THU
613 395 664 444 N
686 393 755 443 ibi
775 392 1080 443 nominatam
1101 391 1222 444 olim
1250 396 1420 448 urbem
1441 397 1638 466 stetisse,

193 461 467 535 eodemque
488 463 690 514 nomine
709 462 936 512 Primates
959 460 1083 512 illius
1104 463 1252 526 viros,
1267 468 1485 535 &genus
1527 475 1634 524 Ho-

192 553 305 585 rum
329 535 540 604 aliquem
562 534 615 583 in
642 529 749 582 aula
771 529 1023 582 Bizantina
1046 530 1300 587 summum
1324 537 1636 602 Ministrum3

189 603 369 655 deinde
391 602 648 657 Orientalis
682 599 807 650 illius
841 602 1144 671 Imperatoris
1169 618 1258 654 tres
1282 623 1434 658 annos
1461 614 1634 680 captivi

188 675 439 731 vicarium,
465 670 619 724 verius
649 671 816 740 utique
839 669 995 740 ipsum
1019 671 1256 726 Caesarem
1277 676 1440 741 egifle,
1467 683 1514 733 &
1532 701 1634 752 pes-

187 741 415 794 manlisse.
487 739 630 792 Nihil
654 739 821 791 Hercle
843 739 1104 809 gloriosius
1176 745 1356 797 Tantos
1373 766 1454 816 per
1465 751 1637 817 gradus

187 813 398 882 denique
428 809 489 861 ad
530 811 637 861 GU
651 810 671 860 I
685 811 734 861 D
747 811 795 861 O
812 812 850 861 B
863 811 910 860 A
922 811 960 861 L
975 811 1023 860 D
1038 813 1086 862 U.
1100 812 1163 862 M
1195 820 1467 883 pervenitur
1493 842 1504 872 :
1549 825 1634 892 qui

185 880 337 933 hodie
356 880 441 932 sub
464 876 729 933 Occidente
750 877 862 940 sole,
881 896 1122 949 quantum
1152 885 1419 954 Imperium
1444 907 1634 959 proten..

186 950 334 1013 ditur,
371 969 531 1000 rerum
567 948 828 1008 summam,
866 947 962 998 dici
994 948 1112 1000 haut
1143 952 1323 1021 potest,
1348 958 1525 1025 quanta
1551 959 1633 1014 sust

183 1039 298 1072 cum
322 1016 553 1071 industria
567 1053 581 1078 ,
606 1015 768 1069 nostro
793 1033 955 1068 autem
980 1017 1157 1081 fructu,
1180 1040 1326 1093 prope
1348 1026 1632 1083 sexennium

183 1093 305 1160 gerit
357 1108 443 1140 nec
468 1087 677 1139 dubium
693 1123 708 1150 ,
732 1088 852 1158 quin
873 1092 1034 1140 Eoum
1060 1089 1199 1142 illum
1224 1096 1453 1162 gentilem
1487 1099 1630 1153 suum

186 1160 432 1230 regiminis
460 1155 771 1219 difficultate,
811 1156 1081 1227 longillime
1112 1159 1230 1213 vero
1264 1171 1543 1220 communis
1578 1175 1630 1223 in

184 1246 262 1280 tot
295 1229 556 1279 laborantes
588 1229 873 1297 prouincias,
908 1226 1125 1280 beneficii
1158 1234 1333 1285 merito
1367 1239 1628 1301 antecellat,

186 1301 255 1350 At
280 1314 518 1370 quantum
541 1296 718 1367 sceptro
738 1296 928 1367 pondus
950 1298 1152 1362 accedet,
1176 1301 1209 1353 fi
1234 1320 1324 1355 tres
1345 1308 1514 1359 Iniulae
1527 1329 1630 1362 am-

183 1368 427 1438 pliffimae?
474 1365 564 1420 Ista
591 1370 887 1419 Eminent.¹ne
919 1370 1134 1439 Princeps
1186 1371 1434 1446 hucusque
1463 1379 1523 1429 ad
1558 1383 1629 1432 Te

184 1440 393 1509 spectant
407 1473 421 1498 ,
445 1435 544 1507 quo
565 1435 747 1488 constet
768 1456 871 1489 non
893 1457 947 1489 ex
972 1437 1160 1494 latente,
1184 1440 1265 1493 seu
1286 1446 1387 1507 vili,
1418 1447 1496 1499 sed
1519 1469 1630 1520 pro-

184 1506 346 1579 pagata
369 1509 418 1556 in
441 1505 690 1576 publicum
711 1506 877 1557 lumen
892 1544 904 1560 ,
930 1507 1228 1579 longumque
1261 1515 1398 1565 auGta
1420 1519 1626 1582 virtute,

183 1593 376 1630 tantum
404 1578 474 1627 Te
497 1573 701 1626 demum
734 1578 882 1626 totius
914 1591 1006 1626 tuae
1036 1577 1286 1647 prosapiae,
1323 1581 1399 1634 sed
1427 1590 1473 1639 &
1495 1590 1629 1657 Jovis

181 1650 534 1699 incrementum
555 1643 792 1714 prodiille„
829 1648 1189 1699 lucrementum
1214 1648 1344 1704 sane!
1361 1654 1469 1708 Post
1491 1660 1626 1711 enim

177 1718 352 1768 blattis
373 1717 640 1776 Tribunos,
666 1717 883 1766 Praetores
898 1752 911 1767 ,
938 1716 1164 1784 Legat05‚
1187 1719 1348 1772 Duces
1371 1739 1385 1780 5
1422 1725 1526 1794 post
1546 1748 1629 1781 au-

182 1787 233 1837 lae
255 1784 589 1840 Confiliarios,
611 1788 862 1846 Oratores,
888 1785 1134 1837 Praefectos
1149 1823 1163 1847 ,
1199 1790 1432 1861 Principes
1453 1813 1466 1853 5
1521 1797 1626 1867 post

176 1860 424 1909 Sacrorum
448 1853 719 1923 Praepofitos
734 1889 749 1914 ,
783 1852 997 1905 Praesules
1013 1891 1027 1916 ,
1055 1855 1305 1928 Episcopos
1320 1896 1334 1922 ,
1371 1864 1622 1938 Archiepi-

177 1926 365 1996 scopos,
398 1927 448 1975 in
475 1922 669 1994 gemina
690 1922 889 1975 tandem
908 1934 1114 1994 purpura
1143 1929 1186 1978 S.
1206 1930 1262 1979 R.
1287 1932 1480 2000 Imperii
1511 1939 1624 1989 Pro-

177 1995 439 2057 Caesarem,
464 2013 515 2044 ac
546 1996 588 2045 S.
612 1995 670 2045 R.
692 1992 893 2045 Ecclesia:
916 1994 1227 2049 Cardinalem
1249 1999 1301 2050 in
1330 2000 1625 2072 dignitatum

178 2067 361 2126 apicem
380 2064 706 2134 producimus.

206 2127 222 2135 ”
348 2132 494 2187 Haud
526 2135 753 2202 ignotum
780 2131 871 2194 est,
903 2149 956 2183 ut
986 2132 1081 2199 jam
1111 2136 1232 2189 olim
1267 2138 1450 2205 juvenis
1468 2181 1483 2208 ,
1509 2146 1620 2200 crim
1634 2150 1722 2204 IV.

181 2203 306 2257 Ill.¹¹¹⁰
334 2202 663 2271 Salisburgenfi
696 2200 822 2252 sacro
853 2202 1077 2272 Collegio
1113 2206 1461 2275 adscribereris,
1492 2215 1624 2270 sum-

182 2293 316 2325 mam
354 2274 447 2324 Tui
484 2274 768 2341 opinionem
809 2270 970 2321 dextre
1018 2274 1348 2328 ominantibus
1397 2281 1621 2347 injeceris,

175 2341 437 2395 Enimvero
467 2343 610 2393 etiam
645 2357 751 2391 tum
788 2339 847 2390 ad
891 2339 1112 2393 sublimia
1158 2362 1358 2416 quaeque
1409 2353 1625 2410 animose

176 2410 479 2465 contendisti,
502 2410 611 2462 cum
635 2409 743 2461 alias
768 2429 995 2480 magnus,
1026 2431 1077 2463 ac
1099 2414 1213 2464 citra
1242 2417 1419 2470 inertiae
1449 2440 1620 2480 notam

171 2482 421 2555 quiescere,
447 2498 527 2532 aut
546 2479 664 2533 certe)
687 2482 926 2532 remittere
945 2481 1178 2551 potuisses.
1252 2487 1507 2544 Collocasti
1528 2497 1618 2566 igi·

175 2572 253 2606 tur
273 2551 331 2603 ad
352 2552 536 2603 altiores
559 2551 730 2602 litteras
751 2550 960 2620 sagacem
983 2551 1370 2610 adolescentiam.
1408 2567 1613 2632 quamli-

169 2626 253 2676 bet
273 2623 467 2674 barbato
490 2619 786 2691 Philosopho
808 2641 997 2691 parem:
1034 2624 1281 2694 ingenium
1309 2648 1366 2681 ex
1388 2629 1615 2702 sanguine

171 2693 374 2753 celsum,
405 2713 460 2745 ex
489 2693 558 2743 Te
580 2689 892 2750 industrium3
922 2695 1146 2765 utrinque
1179 2698 1407 2753 mirabile.
1482 2706 1609 2779 Qae

171 2766 310 2818 enim
335 2762 550 2816 multum
572 2763 709 2817 anxia
729 2798 745 2824 ,
778 2760 932 2835 neque
963 2765 1208 2821 nobilium
1238 2766 1353 2827 effe,
1395 2770 1551 2843 neque
1587 2776 1615 2829 ἃ

954 2836 993 2886 Β
1029 2855 1054 2887 2·
1429 2848 1615 2915 magnis
