2118 3455
191 322 243 375 in
266 317 357 372 sese
384 314 726 372 retrovoluitur
745 352 760 379 ‚
819 314 968 390 quam
997 324 1052 371 ut
1073 322 1284 392 primam
1320 322 1634 395 assequamur.

192 386 452 458 Principale
484 387 768 440 Nobilitatis
803 387 949 440 decus·
968 387 1059 451 est,
1096 390 1223 446 fastis
1253 397 1302 447 &
1343 396 1642 465 Imaginibus

195 476 301 512 aevo
323 456 647 510 fatiscentibus
668 459 854 518 notari;
889 462 1187 525 maximum,
1209 463 1454 516 annalium
1477 467 1643 517 notiti-

190 548 276 581 am
296 527 530 600 usumque
545 526 827 598 praeueniffe-
848 531 981 582 Tum
996 530 1113 583 vero
1130 533 1367 585 immensa
1389 553 1465 588 ea,
1489 554 1542 586 ac
1562 554 1641 606 ge-

195 599 344 651 nuina
363 598 585 650 nobilitas
605 594 683 671 est,
699 595 811 649 cum
829 598 975 653 aliter,
997 601 1146 673 quam
1164 605 1341 655 virtute
1361 607 1521 656 metiri
1542 624 1645 657 non

194 667 359 740 poffis;
394 686 550 738 neque
567 667 776 733 Majores
796 704 810 729 ‚
849 669 935 722 nisi
965 669 1230 725 secundum
1255 672 1460 744 posteros
1491 675 1647 727 cense-

196 757 259 790 re.
330 735 739 807 Philosophorum
772 739 974 810 Principi
1017 742 1071 793 N
1082 760 1113 793 o
1126 761 1153 793 B
1165 763 1175 794 ι
1187 762 1212 794 L
1225 762 1254 795 E
1267 763 1286 794 s
1321 764 1378 797 v1
1393 764 1423 796 D
1436 764 1463 796 E
1478 764 1511 797 N
1525 764 1555 796 T
1566 765 1598 797 u
1611 764 1648 798 R

195 825 394 869 fisse„
424 824 491 858 1N
538 823 809 870 Qumus
854 828 1124 863 MAroRu
1150 833 1190 865 M
1232 832 1464 866 v1RTu
1490 834 1511 865 s
1554 833 1645 867 IN-

195 896 229 930 Ε
253 894 274 928 s
293 895 338 928 τ.
411 878 576 929 Tantae
605 894 717 946 ergo
745 881 989 947 progeniei
1027 880 1146 953 quid
1188 883 1358 935 curiosi
1389 885 1526 935 initia
1564 902 1644 954 pe-

199 963 353 999 tamus
388 948 407 999 ἓ
497 964 599 1016 quae
638 945 828 1016 pridem
869 951 1035 1020 utique
1068 949 1203 1004 fuisse
1221 988 1237 1014 ‚
1295 957 1343 1006 &
1385 971 1487 1004 non
1538 956 1646 1009 alia,

197 1014 349 1087 quam
363 1013 505 1067 fortia
519 1013 812 1080 debuerunt,
832 1036 884 1068 ac
896 1018 1172 1079 laudabilia3
1192 1041 1280 1074 nec
1301 1023 1433 1075 enim
1451 1023 1645 1095 inigna-

198 1086 271 1138 vis
303 1084 532 1137 duratura
562 1106 572 1138 :
619 1086 871 1158 Siquidem
894 1091 1093 1144 Nur-LA
1131 1109 1430 1145 NOBILITAS
1464 1111 1648 1150 INTER*

197 1172 386 1207 MALOS
423 1171 521 1206 EST
543 1200 554 1213 ‚
601 1171 698 1206 SED
734 1172 908 1208 INTER
943 1171 1131 1207 BONOS
1175 1173 1421 1208 TANTUM
1464 1173 1651 1212 vmos:

198 1241 272 1292 Sic
290 1234 921 1307 Euripides'l'hunnenfium
948 1234 1170 1286 authores
1196 1256 1252 1288 ex
1271 1236 1546 1302 obliviosae,
1562 1257 1645 1295 aut
1684 1291 1688 1297 ‚

199 1308 363 1379 saepius
388 1306 579 1357 incuriae
605 1303 847 1358 vetustatis
871 1304 1043 1356 umbra
1078 1306 1128 1356 in
1148 1305 1305 1358 lucem
1333 1306 1467 1378 supra
1491 1328 1647 1381 popu.

202 1378 306 1429 lum
327 1413 343 1438 ‚
379 1379 427 1429 &
446 1375 617 1446 vulgus
637 1373 811 1426 educit.
848 1374 1097 1427 Tredecim
1121 1375 1230 1428 ante
1257 1376 1480 1441 saeculis,(
1499 1398 1651 1451 quan-

204 1465 280 1500 tus
320 1463 606 1516 temporum
648 1443 873 1496 receilhs!
901 1445 921 1509 )
961 1448 1003 1497 S.
1034 1445 1241 1516 Vigilius
1271 1447 1431 1499 Roma
1456 1447 1648 1502 secunx.

201 1517 514 1570 Thunnenses
540 1511 774 1565 Tridento
803 1514 988 1565 invexit
1024 1512 1121 1579 jam
1143 1516 1373 1568 eximiam
1403 1518 1649 1572 nobilium

204 1602 429 1659 gentem,
467 1585 702 1636 l'incernae
731 1599 847 1634 tunc
866 1581 1030 1635 officio
1051 1581 1304 1654 fungentes
1327 1621 1341 1647 ,
1378 1585 1501 1638 adeo
1532 1590 1651 1643 &in

204 1655 311 1708 aula
334 1653 430 1722 jam
453 1652 699 1723 fulgentes.
783 1654 865 1705 Ab
890 1670 994 1705 aevo
1017 1656 1065 1705 &
1086 1653 1193 1705 loco
1227 1673 1376 1724 genus
1399 1654 1614 1711 aestima..
1638 1681 1651 1712 ε

207 1725 235 1778 a
256 1726 420 1786 Duce,
443 1724 688 1775 comitum
703 1723 1039 1792 integritatem.
1091 1720 1506 1795 imoapurpurato
1518 1746 1650 1781 nunc

204 1811 341 1847 tanto
365 1791 624 1847 Successore
647 1795 688 1844 S.
713 1789 955 1843 Antistitis
968 1790 1266 1844 constantem
1289 1792 1554 1867 vivamque
1575 1797 1653 1850 su-

206 1885 294 1917 um
316 1881 421 1934 erga
441 1861 733 1914 Tridentum
756 1878 946 1919 curam5
980 1859 1157 1913 deinde
1179 1878 1254 1913 tot
1274 1881 1357 1934 per
1368 1880 1523 1916 aetates
1535 1884 1651 1919 con-

207 1931 350 1987 tinuo
376 1934 593 1986 meritam
617 1930 990 1983 Thunnenfium
1013 1933 1260 1983 virtutem.
1345 1935 1653 2008 Interceperit

207 2004 402 2064 rudior,
438 2002 512 2055 vel
536 2000 707 2053 afflicta
730 2002 983 2071 antiquitas
1004 2004 1278 2071 primorum
1300 2006 1504 2055 nomina
1526 2019 1652 2060 aun..

208 2075 333 2126 facta
365 2074 474 2124 vitae
509 2071 698 2140 lucique
730 2069 890 2123 debita
915 2107 929 2131 ‚
976 2086 1110 2121 tanto
1134 2074 1340 2142 tempori
1365 2072 1530 2145 inique)
1553 2075 1652 2128 cul-

209 2162 320 2215 pam
345 2143 576 2212 imputes:
613 2141 725 2192 fecit
740 2176 754 2201 ‚
825 2140 925 2191 uod
949 2139 1197 2192 necessario
1218 2141 1348 2194 [olet.
1384 2146 1551 2196 nimiis
1565 2166 1649 2198 an·

210 2215 282 2265 nis
316 2231 375 2263 ne
407 2211 643 2261 columnae
667 2209 770 2261 saris
790 2159 904 2260 cflunt
929 2208 1067 2260 saxeae
1092 2245 1107 2269 ‚
1154 2226 1208 2259 ut
1232 2229 1397 2262 earum
1422 2212 1645 2284 fastigia...

208 2283 491 2334 dilabantur.
571 2276 821 2331 Postremis
843 2294 1004 2330 tamen
1028 2275 1052 2328 e
1076 2277 1313 2348 reliquiis,
1350 2280 1432 2332 etsi
1455 2285 1646 2353 capita„

211 2371 312 2404 non
335 2364 606 2421 appareant,
645 2346 893 2414 conjicitur
919 2384 932 2410 ,
980 2344 1128 2418 quam
1162 2347 1275 2399 celsa
1299 2347 1422 2401 olim
1454 2350 1651 2406 sustule-

207 2425 317 2474 rint.
357 2438 512 2490 neque
534 2416 784 2470 aestimatio
807 2437 921 2469 cum
944 2417 1032 2469 illis
1054 2416 1207 2472 cadit,
1240 2415 1444 2485 jacetve‚
1470 2421 1547 2473 sed
1572 2441 1653 2477 ex-

207 2492 368 2562 surgit.
440 2486 672 2559 Superstes
707 2489 876 2540 Gentis
900 2487 1044 2557 huius
1077 2507 1335 2552 numerus,
1368 2492 1440 2542 uti
1465 2490 1649 2546 fruetus

212 2561 277 2614 est
289 2559 453 2631 sepulti
478 2579 490 2609 ε
512 2575 613 2610 tam
636 2574 758 2610 certa
782 2557 875 2630 spes
898 2562 947 2612 &
963 2577 1161 2629 germen
1183 2557 1248 2612 est
1269 2558 1446 2612 futuri.
1552 2564 1651 2615 Ve-

212 2631 396 2683 terrimi
418 2630 525 2681 licet
547 2628 770 2681 authores
793 2630 966 2700 partim
988 2629 1183 2682 laterent
1206 2651 1218 2683 ε
1241 2646 1342 2682 tam
1372 2630 1580 2701 glorioso
1593 2653 1650 2688 ex

211 2703 509 2753 incremento
531 2712 658 2770 patet
681 2698 792 2752 tales
815 2698 965 2753 fuiffe.
1008 2702 1241 2772 Praecipua
1263 2700 1421 2772 gloriae
1443 2720 1544 2773 pars
1567 2702 1651 2768 est,

211 2770 472 2825 nobilitatis
502 2770 730 2843 principia
764 2769 1033 2826 meminisse
1074 2789 1134 2823 ne
1174 2790 1256 2843 per
1287 2788 1646 2849 monumenta..

994 2843 1043 2894 A
1080 2861 1103 2894 2.
1523 2840 1651 2915 posse
