<?xml version="1.0" encoding="UTF-8"?>
<!DOCTYPE html PUBLIC "-//W3C//DTD XHTML 1.0 Transitional//EN"
    "http://www.w3.org/TR/xhtml1/DTD/xhtml1-transitional.dtd">
<html xmlns="http://www.w3.org/1999/xhtml" xml:lang="en" lang="en">
 <head>
  <title>
</title>
<meta http-equiv="Content-Type" content="text/html;charset=utf-8" />
  <meta name='ocr-system' content='tesseract 3.04.00' />
  <meta name='ocr-capabilities' content='ocr_page ocr_carea ocr_par ocr_line ocrx_word'/>
</head>
<body>
  <div class='ocr_page' id='page_1' title='image "./gratulatiopanegy00gill_0050.png"; bbox 0 0 2118 3455; ppageno 0'>
   <div class='ocr_carea' id='block_1_1' title="bbox 426 323 1950 2744">
    <p class='ocr_par' dir='ltr' id='par_1_1' title="bbox 487 323 1950 1628">
     <span class='ocr_line' id='line_1_1' title="bbox 514 323 1949 373; baseline -0.002 -5"><span class='ocrx_word' id='word_1_1' title='bbox 514 325 1030 368; x_wconf 76' lang='lat' dir='ltr'>PERSEVERASTIt</span> <span class='ocrx_word' id='word_1_2' title='bbox 1080 325 1221 362; x_wconf 84' lang='lat' dir='ltr'>PLUS</span> <span class='ocrx_word' id='word_1_3' title='bbox 1272 323 1482 362; x_wconf 79' lang='lat' dir='ltr'><strong>TAMEN</strong></span> <span class='ocrx_word' id='word_1_4' title='bbox 1515 352 1526 370; x_wconf 88' lang='lat'>,</span> <span class='ocrx_word' id='word_1_5' title='bbox 1589 325 1764 373; x_wconf 83' lang='lat' dir='ltr'>QIOD</span> <span class='ocrx_word' id='word_1_6' title='bbox 1811 323 1949 365; x_wconf 67' lang='lat' dir='ltr'>NON</span> 
     </span>
     <span class='ocr_line' id='line_1_2' title="bbox 515 391 1950 435; baseline -0.006 1"><span class='ocrx_word' id='word_1_7' title='bbox 515 399 795 435; x_wconf 80' lang='lat' dir='ltr'>TlMulsTl</span> <span class='ocrx_word' id='word_1_8' title='bbox 849 396 925 432; x_wconf 78' lang='lat' dir='ltr'>NE</span> <span class='ocrx_word' id='word_1_9' title='bbox 985 394 1097 430; x_wconf 81' lang='lat' dir='ltr'>PER</span> <span class='ocrx_word' id='word_1_10' title='bbox 1115 391 1362 429; x_wconf 77' lang='lat' dir='ltr'>SEVERA</span> <span class='ocrx_word' id='word_1_11' title='bbox 1382 392 1462 427; x_wconf 79' lang='lat' dir='ltr'>RE</span> <span class='ocrx_word' id='word_1_12' title='bbox 1529 391 1655 428; x_wconf 87' lang='lat' dir='ltr'>NON</span> <span class='ocrx_word' id='word_1_13' title='bbox 1726 393 1950 433; x_wconf 74' lang='lat' dir='ltr'><strong>POSSES.</strong></span> 
     </span>
     <span class='ocr_line' id='line_1_3' title="bbox 515 447 1949 522; baseline -0.007 -14"><span class='ocrx_word' id='word_1_14' title='bbox 515 455 761 514; x_wconf 87' lang='lat' dir='ltr'>Comitia,</span> <span class='ocrx_word' id='word_1_15' title='bbox 797 447 1035 522; x_wconf 88' lang='lat' dir='ltr'>quamdiu</span> <span class='ocrx_word' id='word_1_16' title='bbox 1072 448 1318 508; x_wconf 87' lang='lat' dir='ltr'>Comitia,</span> <span class='ocrx_word' id='word_1_17' title='bbox 1357 463 1607 517; x_wconf 87' lang='lat' dir='ltr'>nunquam</span> <span class='ocrx_word' id='word_1_18' title='bbox 1630 462 1702 497; x_wconf 92' lang='lat' dir='ltr'>tot</span> <span class='ocrx_word' id='word_1_19' title='bbox 1726 449 1776 498; x_wconf 88' lang='lat' dir='ltr'>in</span> <span class='ocrx_word' id='word_1_20' title='bbox 1798 466 1949 498; x_wconf 85' lang='lat' dir='ltr'>annos</span> 
     </span>
     <span class='ocr_line' id='line_1_4' title="bbox 516 514 1943 592; baseline -0.005 -17"><span class='ocrx_word' id='word_1_21' title='bbox 516 522 659 575; x_wconf 64' lang='lat' dir='ltr'>fuere.</span> <span class='ocrx_word' id='word_1_22' title='bbox 732 523 899 592; x_wconf 83' lang='lat' dir='ltr'>Qem</span> <span class='ocrx_word' id='word_1_23' title='bbox 913 556 928 581; x_wconf 88' lang='lat'><em>‚</em></span> <span class='ocrx_word' id='word_1_24' title='bbox 972 519 1060 570; x_wconf 87' lang='lat' dir='ltr'>Dii</span> <span class='ocrx_word' id='word_1_25' title='bbox 1086 515 1405 569; x_wconf 86' lang='lat' dir='ltr'>immortales!</span> <span class='ocrx_word' id='word_1_26' title='bbox 1438 534 1586 588; x_wconf 87' lang='lat' dir='ltr'>quem</span> <span class='ocrx_word' id='word_1_27' title='bbox 1609 514 1788 577; x_wconf 76' lang='lat' dir='ltr'>Caesar,</span> <span class='ocrx_word' id='word_1_28' title='bbox 1812 537 1868 569; x_wconf 86' lang='lat' dir='ltr'>ex</span> <span class='ocrx_word' id='word_1_29' title='bbox 1891 535 1943 568; x_wconf 93' lang='lat' dir='ltr'>o-</span> 
     </span>
     <span class='ocr_line' id='line_1_5' title="bbox 511 585 1945 655; baseline -0.005 -11"><span class='ocrx_word' id='word_1_30' title='bbox 511 596 655 655; x_wconf 82' lang='lat' dir='ltr'>mni,</span> <span class='ocrx_word' id='word_1_31' title='bbox 691 593 837 643; x_wconf 87' lang='lat' dir='ltr'>etiam</span> <span class='ocrx_word' id='word_1_32' title='bbox 858 588 1145 640; x_wconf 89' lang='lat' dir='ltr'>inferiorum</span> <span class='ocrx_word' id='word_1_33' title='bbox 1192 587 1458 651; x_wconf 88' lang='lat' dir='ltr'>hominum</span> <span class='ocrx_word' id='word_1_34' title='bbox 1498 603 1703 637; x_wconf 91' lang='lat' dir='ltr'>numero</span> <span class='ocrx_word' id='word_1_35' title='bbox 1731 585 1787 636; x_wconf 90' lang='lat' dir='ltr'>ad</span> <span class='ocrx_word' id='word_1_36' title='bbox 1821 586 1945 637; x_wconf 82' lang='lat' dir='ltr'>inso-</span> 
     </span>
     <span class='ocr_line' id='line_1_6' title="bbox 512 655 1945 728; baseline -0.005 -16"><span class='ocrx_word' id='word_1_37' title='bbox 512 662 676 714; x_wconf 83' lang='lat' dir='ltr'>lubiles</span> <span class='ocrx_word' id='word_1_38' title='bbox 706 659 840 713; x_wconf 88' lang='lat' dir='ltr'>hasce</span> <span class='ocrx_word' id='word_1_39' title='bbox 875 677 1030 710; x_wconf 88' lang='lat' dir='ltr'>moras</span> <span class='ocrx_word' id='word_1_40' title='bbox 1054 673 1314 728; x_wconf 84' lang='lat' dir='ltr'>reperturus</span> <span class='ocrx_word' id='word_1_41' title='bbox 1338 655 1492 708; x_wconf 85' lang='lat' dir='ltr'>fuisset</span> <span class='ocrx_word' id='word_1_42' title='bbox 1532 655 1760 707; x_wconf 86' lang='lat' dir='ltr'>alterum?</span> <span class='ocrx_word' id='word_1_43' title='bbox 1801 658 1945 724; x_wconf 75' lang='lat' dir='ltr'>Equi-</span> 
     </span>
     <span class='ocr_line' id='line_1_7' title="bbox 491 724 1945 796; baseline -0.008 -13"><span class='ocrx_word' id='word_1_44' title='bbox 491 732 625 783; x_wconf 74' lang='lat' dir='ltr'>vdem</span> <span class='ocrx_word' id='word_1_45' title='bbox 649 734 712 783; x_wconf 88' lang='lat' dir='ltr'>ita</span> <span class='ocrx_word' id='word_1_46' title='bbox 743 727 1069 781; x_wconf 87' lang='lat' dir='ltr'>constaturum</span> <span class='ocrx_word' id='word_1_47' title='bbox 1081 729 1346 779; x_wconf 86' lang='lat' dir='ltr'>neminem.</span> <span class='ocrx_word' id='word_1_48' title='bbox 1417 728 1538 777; x_wconf 89' lang='lat' dir='ltr'>Non</span> <span class='ocrx_word' id='word_1_49' title='bbox 1557 743 1728 796; x_wconf 89' lang='lat' dir='ltr'>paucos</span> <span class='ocrx_word' id='word_1_50' title='bbox 1747 724 1945 779; x_wconf 48' lang='lat' dir='ltr'>Hercle)</span> 
     </span>
     <span class='ocr_line' id='line_1_8' title="bbox 508 794 1944 857; baseline -0.006 -5"><span class='ocrx_word' id='word_1_51' title='bbox 508 804 625 853; x_wconf 86' lang='lat' dir='ltr'>tanti</span> <span class='ocrx_word' id='word_1_52' title='bbox 648 798 796 852; x_wconf 88' lang='lat' dir='ltr'>officii</span> <span class='ocrx_word' id='word_1_53' title='bbox 820 798 976 850; x_wconf 87' lang='lat' dir='ltr'>solum</span> <span class='ocrx_word' id='word_1_54' title='bbox 1006 815 1190 848; x_wconf 89' lang='lat' dir='ltr'>nomen</span> <span class='ocrx_word' id='word_1_55' title='bbox 1209 796 1268 847; x_wconf 89' lang='lat' dir='ltr'>fic</span> <span class='ocrx_word' id='word_1_56' title='bbox 1292 794 1517 849; x_wconf 77' lang='lat' dir='ltr'>obruisset</span> <span class='ocrx_word' id='word_1_57' title='bbox 1537 832 1552 857; x_wconf 85' lang='lat'><em>‚</em></span> <span class='ocrx_word' id='word_1_58' title='bbox 1594 811 1649 846; x_wconf 91' lang='lat' dir='ltr'>ut</span> <span class='ocrx_word' id='word_1_59' title='bbox 1675 814 1734 846; x_wconf 91' lang='lat' dir='ltr'>ne</span> <span class='ocrx_word' id='word_1_60' title='bbox 1766 813 1944 844; x_wconf 85' lang='lat' dir='ltr'>annue-</span> 
     </span>
     <span class='ocr_line' id='line_1_9' title="bbox 509 862 1943 934; baseline -0.006 -12"><span class='ocrx_word' id='word_1_61' title='bbox 509 888 611 923; x_wconf 86' lang='lat' dir='ltr'>rent</span> <span class='ocrx_word' id='word_1_62' title='bbox 620 890 632 930; x_wconf 77' lang='lat'>3</span> <span class='ocrx_word' id='word_1_63' title='bbox 659 869 735 923; x_wconf 88' lang='lat' dir='ltr'>vel</span> <span class='ocrx_word' id='word_1_64' title='bbox 759 868 818 919; x_wconf 89' lang='lat' dir='ltr'>ad</span> <span class='ocrx_word' id='word_1_65' title='bbox 844 869 979 919; x_wconf 87' lang='lat' dir='ltr'>initia</span> <span class='ocrx_word' id='word_1_66' title='bbox 1000 865 1094 933; x_wconf 91' lang='lat' dir='ltr'>jam</span> <span class='ocrx_word' id='word_1_67' title='bbox 1115 867 1283 918; x_wconf 86' lang='lat' dir='ltr'>inviti:</span> <span class='ocrx_word' id='word_1_68' title='bbox 1306 869 1353 918; x_wconf 66' lang='grc' dir='ltr'>ὃς</span> <span class='ocrx_word' id='word_1_69' title='bbox 1371 863 1493 916; x_wconf 84' lang='lat' dir='ltr'>nihil</span> <span class='ocrx_word' id='word_1_70' title='bbox 1529 864 1675 925; x_wconf 86' lang='lat' dir='ltr'>ultra,</span> <span class='ocrx_word' id='word_1_71' title='bbox 1697 862 1847 934; x_wconf 75' lang='lat' dir='ltr'>quam</span> <span class='ocrx_word' id='word_1_72' title='bbox 1870 865 1943 913; x_wconf 88' lang='lat' dir='ltr'>in-</span> 
     </span>
     <span class='ocr_line' id='line_1_10' title="bbox 507 930 1947 1009; baseline -0.008 -16"><span class='ocrx_word' id='word_1_73' title='bbox 507 943 658 995; x_wconf 77' lang='lat' dir='ltr'>vitati.</span> <span class='ocrx_word' id='word_1_74' title='bbox 733 940 1131 1009; x_wconf 60' lang='lat' dir='ltr'>Quotusquisque</span> <span class='ocrx_word' id='word_1_75' title='bbox 1153 937 1342 1005; x_wconf 86' lang='lat' dir='ltr'>negotia</span> <span class='ocrx_word' id='word_1_76' title='bbox 1362 931 1542 1004; x_wconf 86' lang='lat' dir='ltr'>privata</span> <span class='ocrx_word' id='word_1_77' title='bbox 1563 952 1663 985; x_wconf 94' lang='lat' dir='ltr'>non</span> <span class='ocrx_word' id='word_1_78' title='bbox 1688 930 1947 997; x_wconf 78' lang='lat' dir='ltr'>objecisset?</span> 
     </span>
     <span class='ocr_line' id='line_1_11' title="bbox 505 1002 1941 1087; baseline -0.008 -24"><span class='ocrx_word' id='word_1_79' title='bbox 505 1010 865 1063; x_wconf 87' lang='lat' dir='ltr'>Provinciarum</span> <span class='ocrx_word' id='word_1_80' title='bbox 894 1006 1130 1087; x_wconf 78' lang='lat' dir='ltr'>siquidem</span> <span class='ocrx_word' id='word_1_81' title='bbox 1156 1024 1298 1062; x_wconf 85' lang='lat' dir='ltr'>curae,</span> <span class='ocrx_word' id='word_1_82' title='bbox 1333 1006 1542 1055; x_wconf 77' lang='lat' dir='ltr'>maxima</span> <span class='ocrx_word' id='word_1_83' title='bbox 1566 1002 1643 1054; x_wconf 87' lang='lat' dir='ltr'>sua</span> <span class='ocrx_word' id='word_1_84' title='bbox 1674 1006 1820 1073; x_wconf 89' lang='lat' dir='ltr'>capita</span> <span class='ocrx_word' id='word_1_85' title='bbox 1850 1004 1941 1052; x_wconf 82' lang='lat' dir='ltr'>im-</span> 
     </span>
     <span class='ocr_line' id='line_1_12' title="bbox 504 1070 1939 1152; baseline -0.006 -22"><span class='ocrx_word' id='word_1_86' title='bbox 504 1081 658 1152; x_wconf 81' lang='lat' dir='ltr'>plent,</span> <span class='ocrx_word' id='word_1_87' title='bbox 681 1094 880 1130; x_wconf 86' lang='lat' dir='ltr'>onerant</span> <span class='ocrx_word' id='word_1_88' title='bbox 903 1114 918 1140; x_wconf 83' lang='grc'>,</span> <span class='ocrx_word' id='word_1_89' title='bbox 934 1075 1047 1147; x_wconf 73' lang='lat' dir='ltr'>laepe</span> <span class='ocrx_word' id='word_1_90' title='bbox 1069 1080 1117 1128; x_wconf 88' lang='lat'>&amp;</span> <span class='ocrx_word' id='word_1_91' title='bbox 1137 1074 1367 1125; x_wconf 90' lang='lat' dir='ltr'>inclinant</span> <span class='ocrx_word' id='word_1_92' title='bbox 1409 1096 1419 1126; x_wconf 92' lang='grc'>;</span> <span class='ocrx_word' id='word_1_93' title='bbox 1490 1090 1543 1124; x_wconf 92' lang='lat' dir='ltr'>ut</span> <span class='ocrx_word' id='word_1_94' title='bbox 1563 1073 1732 1123; x_wconf 88' lang='lat' dir='ltr'>alienas</span> <span class='ocrx_word' id='word_1_95' title='bbox 1754 1070 1939 1122; x_wconf 84' lang='lat' dir='ltr'>consul-</span> 
     </span>
     <span class='ocr_line' id='line_1_13' title="bbox 487 1140 1938 1219; baseline -0.008 -18"><span class='ocrx_word' id='word_1_96' title='bbox 487 1167 555 1201; x_wconf 90' lang='lat' dir='ltr'>-to</span> <span class='ocrx_word' id='word_1_97' title='bbox 579 1149 762 1219; x_wconf 88' lang='lat' dir='ltr'><strong>insuper</strong></span> <span class='ocrx_word' id='word_1_98' title='bbox 782 1147 1001 1199; x_wconf 84' lang='lat' dir='ltr'>habeant.</span> <span class='ocrx_word' id='word_1_99' title='bbox 1071 1145 1185 1197; x_wconf 90' lang='lat' dir='ltr'>Satis</span> <span class='ocrx_word' id='word_1_100' title='bbox 1207 1140 1317 1204; x_wconf 77' lang='lat' dir='ltr'>effe,</span> <span class='ocrx_word' id='word_1_101' title='bbox 1352 1141 1471 1193; x_wconf 85' lang='lat' dir='ltr'>dum</span> <span class='ocrx_word' id='word_1_102' title='bbox 1497 1141 1581 1193; x_wconf 84' lang='lat' dir='ltr'>fibi</span> <span class='ocrx_word' id='word_1_103' title='bbox 1602 1178 1616 1203; x_wconf 86' lang='lat'><em>,</em></span> <span class='ocrx_word' id='word_1_104' title='bbox 1661 1141 1846 1210; x_wconf 88' lang='lat' dir='ltr'>suisque</span> <span class='ocrx_word' id='word_1_105' title='bbox 1870 1160 1938 1191; x_wconf 89' lang='lat' dir='ltr'>re-</span> 
     </span>
     <span class='ocr_line' id='line_1_14' title="bbox 503 1210 1939 1290; baseline -0.008 -20"><span class='ocrx_word' id='word_1_106' title='bbox 503 1218 576 1270; x_wconf 70' lang='lat' dir='ltr'>&amp;e</span> <span class='ocrx_word' id='word_1_107' title='bbox 595 1219 928 1290; x_wconf 73' lang='lat' dir='ltr'>prospexerint.</span> <span class='ocrx_word' id='word_1_108' title='bbox 1001 1214 1269 1276; x_wconf 86' lang='lat' dir='ltr'>Inveneris‚</span> <span class='ocrx_word' id='word_1_109' title='bbox 1292 1213 1375 1282; x_wconf 89' lang='lat' dir='ltr'>qui</span> <span class='ocrx_word' id='word_1_110' title='bbox 1398 1212 1661 1281; x_wconf 82' lang='lat' dir='ltr'>pulvinaria</span> <span class='ocrx_word' id='word_1_111' title='bbox 1683 1247 1696 1272; x_wconf 86' lang='lat'>‚</span> <span class='ocrx_word' id='word_1_112' title='bbox 1724 1210 1939 1280; x_wconf 84' lang='lat' dir='ltr'>pinguia-</span> 
     </span>
     <span class='ocr_line' id='line_1_15' title="bbox 501 1279 1936 1360; baseline -0.008 -19"><span class='ocrx_word' id='word_1_113' title='bbox 501 1309 599 1360; x_wconf 87' lang='lat' dir='ltr'>que</span> <span class='ocrx_word' id='word_1_114' title='bbox 624 1288 704 1340; x_wconf 91' lang='lat' dir='ltr'>sua</span> <span class='ocrx_word' id='word_1_115' title='bbox 728 1289 828 1338; x_wconf 89' lang='lat' dir='ltr'>otia</span> <span class='ocrx_word' id='word_1_116' title='bbox 847 1285 1087 1336; x_wconf 85' lang='lat' dir='ltr'>continuis</span> <span class='ocrx_word' id='word_1_117' title='bbox 1111 1283 1199 1333; x_wconf 87' lang='lat' dir='ltr'>illis</span> <span class='ocrx_word' id='word_1_118' title='bbox 1221 1318 1235 1344; x_wconf 86' lang='lat'><em>‚</em></span> <span class='ocrx_word' id='word_1_119' title='bbox 1277 1283 1550 1351; x_wconf 85' lang='lat' dir='ltr'>acribusque</span> <span class='ocrx_word' id='word_1_120' title='bbox 1585 1279 1773 1341; x_wconf 84' lang='lat' dir='ltr'>studiis,</span> <span class='ocrx_word' id='word_1_121' title='bbox 1804 1298 1936 1330; x_wconf 87' lang='lat' dir='ltr'>com-</span> 
     </span>
     <span class='ocr_line' id='line_1_16' title="bbox 500 1349 1936 1422; baseline -0.008 -12"><span class='ocrx_word' id='word_1_122' title='bbox 500 1357 649 1410; x_wconf 91' lang='lat' dir='ltr'>moda</span> <span class='ocrx_word' id='word_1_123' title='bbox 671 1356 850 1417; x_wconf 78' lang='lat' dir='ltr'>taediis,</span> <span class='ocrx_word' id='word_1_124' title='bbox 877 1355 1128 1406; x_wconf 75' lang='lat' dir='ltr'>feriantem</span> <span class='ocrx_word' id='word_1_125' title='bbox 1145 1389 1158 1415; x_wconf 87' lang='lat'><em>‚</em></span> <span class='ocrx_word' id='word_1_126' title='bbox 1181 1350 1513 1422; x_wconf 81' lang='lat' dir='ltr'>jocantemque</span> <span class='ocrx_word' id='word_1_127' title='bbox 1533 1349 1689 1401; x_wconf 87' lang='lat' dir='ltr'>aulam</span> <span class='ocrx_word' id='word_1_128' title='bbox 1722 1349 1936 1400; x_wconf 87' lang='lat' dir='ltr'>laboran-</span> 
     </span>
     <span class='ocr_line' id='line_1_17' title="bbox 498 1418 1938 1498; baseline -0.008 -17"><span class='ocrx_word' id='word_1_129' title='bbox 498 1446 544 1481; x_wconf 93' lang='lat' dir='ltr'>te</span> <span class='ocrx_word' id='word_1_130' title='bbox 579 1428 788 1498; x_wconf 86' lang='lat' dir='ltr'>Imperio</span> <span class='ocrx_word' id='word_1_131' title='bbox 819 1422 1025 1478; x_wconf 75' lang='lat' dir='ltr'>minime</span> <span class='ocrx_word' id='word_1_132' title='bbox 1048 1418 1431 1475; x_wconf 75' lang='lat' dir='ltr'>commutaffent.</span> <span class='ocrx_word' id='word_1_133' title='bbox 1515 1421 1711 1476; x_wconf 86' lang='lat' dir='ltr'>Comici</span> <span class='ocrx_word' id='word_1_134' title='bbox 1732 1438 1938 1489; x_wconf 54' lang='lat' dir='ltr'>nempe)</span> 
     </span>
     <span class='ocr_line' id='line_1_18' title="bbox 494 1500 681 1554; baseline -0.027 0"><span class='ocrx_word' id='word_1_135' title='bbox 494 1500 645 1554; x_wconf 86' lang='lat' dir='ltr'>verbo</span> <span class='ocrx_word' id='word_1_136' title='bbox 671 1520 681 1550; x_wconf 87' lang='lat'>:</span> 
     </span>
     <span class='ocr_line' id='line_1_19' title="bbox 772 1565 1478 1628; baseline -0.01 -14"><span class='ocrx_word' id='word_1_137' title='bbox 772 1600 792 1609; x_wconf 92' lang='lat'>-</span> <span class='ocrx_word' id='word_1_138' title='bbox 863 1598 882 1606; x_wconf 97' lang='lat'>-</span> <span class='ocrx_word' id='word_1_139' title='bbox 952 1597 973 1607; x_wconf 89' lang='lat'><em>-</em></span> <span class='ocrx_word' id='word_1_140' title='bbox 1049 1565 1138 1628; x_wconf 72' lang='lat' dir='ltr'>fist</span> <span class='ocrx_word' id='word_1_141' title='bbox 1154 1582 1295 1611; x_wconf 87' lang='lat' dir='ltr'>omnes</span> <span class='ocrx_word' id='word_1_142' title='bbox 1315 1573 1478 1612; x_wconf 81' lang='lat' dir='ltr'>amant.</span> 
     </span>
    </p>

    <p class='ocr_par' dir='ltr' id='par_1_2' title="bbox 426 1624 1930 2744">
     <span class='ocr_line' id='line_1_20' title="bbox 482 1624 1930 1706; baseline -0.01 -15"><span class='ocrx_word' id='word_1_143' title='bbox 482 1638 773 1691; x_wconf 73' lang='lat' dir='ltr'>vMultorum</span> <span class='ocrx_word' id='word_1_144' title='bbox 798 1633 1264 1706; x_wconf 86' lang='lat' dir='ltr'>promptitudinem,</span> <span class='ocrx_word' id='word_1_145' title='bbox 1289 1631 1533 1684; x_wconf 87' lang='lat' dir='ltr'>causarum</span> <span class='ocrx_word' id='word_1_146' title='bbox 1567 1628 1739 1699; x_wconf 83' lang='lat' dir='ltr'>illigata</span> <span class='ocrx_word' id='word_1_147' title='bbox 1761 1624 1930 1677; x_wconf 84' lang='lat' dir='ltr'>confu-</span> 
     </span>
     <span class='ocr_line' id='line_1_21' title="bbox 491 1694 1930 1775; baseline -0.01 -16"><span class='ocrx_word' id='word_1_148' title='bbox 491 1708 590 1765; x_wconf 83' lang='lat' dir='ltr'>s103</span> <span class='ocrx_word' id='word_1_149' title='bbox 621 1724 729 1758; x_wconf 90' lang='lat' dir='ltr'>tum</span> <span class='ocrx_word' id='word_1_150' title='bbox 754 1708 961 1775; x_wconf 89' lang='lat' dir='ltr'>partium</span> <span class='ocrx_word' id='word_1_151' title='bbox 993 1703 1296 1774; x_wconf 88' lang='lat' dir='ltr'>quarundam</span> <span class='ocrx_word' id='word_1_152' title='bbox 1338 1699 1587 1752; x_wconf 70' lang='lat' dir='ltr'>necessario</span> <span class='ocrx_word' id='word_1_153' title='bbox 1613 1694 1930 1748; x_wconf 84' lang='lat' dir='ltr'>concilianda-</span> 
     </span>
     <span class='ocr_line' id='line_1_22' title="bbox 492 1764 1929 1835; baseline -0.011 -6"><span class='ocrx_word' id='word_1_154' title='bbox 492 1797 603 1829; x_wconf 88' lang='lat' dir='ltr'>rum</span> <span class='ocrx_word' id='word_1_155' title='bbox 634 1774 886 1828; x_wconf 83' lang='lat' dir='ltr'>difficultas</span> <span class='ocrx_word' id='word_1_156' title='bbox 908 1811 924 1835; x_wconf 88' lang='lat'>‚</span> <span class='ocrx_word' id='word_1_157' title='bbox 957 1790 1012 1824; x_wconf 89' lang='lat' dir='ltr'>ut</span> <span class='ocrx_word' id='word_1_158' title='bbox 1043 1791 1145 1824; x_wconf 88' lang='lat' dir='ltr'>non</span> <span class='ocrx_word' id='word_1_159' title='bbox 1167 1771 1383 1823; x_wconf 88' lang='lat' dir='ltr'>dicamus</span> <span class='ocrx_word' id='word_1_160' title='bbox 1408 1793 1418 1823; x_wconf 93' lang='lat'><strong>:</strong></span> <span class='ocrx_word' id='word_1_161' title='bbox 1455 1773 1502 1822; x_wconf 86' lang='lat'>&amp;</span> <span class='ocrx_word' id='word_1_162' title='bbox 1526 1764 1929 1819; x_wconf 84' lang='lat' dir='ltr'>offendendarum</span> 
     </span>
     <span class='ocr_line' id='line_1_23' title="bbox 481 1838 1928 1913; baseline -0.011 -15"><span class='ocrx_word' id='word_1_163' title='bbox 481 1864 613 1898; x_wconf 26' lang='lat' dir='ltr'>*certa</span> <span class='ocrx_word' id='word_1_164' title='bbox 641 1843 825 1896; x_wconf 88' lang='lat' dir='ltr'>invidia</span> <span class='ocrx_word' id='word_1_165' title='bbox 840 1881 852 1896; x_wconf 68' lang='lat'>2</span> <span class='ocrx_word' id='word_1_166' title='bbox 873 1840 1145 1893; x_wconf 78' lang='lat' dir='ltr'>retinuisset.</span> <span class='ocrx_word' id='word_1_167' title='bbox 1220 1838 1548 1913; x_wconf 82' lang='lat' dir='ltr'>Qorundam</span> <span class='ocrx_word' id='word_1_168' title='bbox 1569 1855 1674 1905; x_wconf 85' lang='lat' dir='ltr'>erga</span> <span class='ocrx_word' id='word_1_169' title='bbox 1686 1839 1928 1895; x_wconf 81' lang='lat' dir='ltr'>Oratores,</span> 
     </span>
     <span class='ocr_line' id='line_1_24' title="bbox 489 1906 1926 1977; baseline -0.01 -10"><span class='ocrx_word' id='word_1_170' title='bbox 489 1936 540 1967; x_wconf 90' lang='lat' dir='ltr'>ac</span> <span class='ocrx_word' id='word_1_171' title='bbox 564 1931 743 1967; x_wconf 79' lang='lat' dir='ltr'>exteros</span> <span class='ocrx_word' id='word_1_172' title='bbox 767 1911 917 1965; x_wconf 88' lang='lat' dir='ltr'>invisa</span> <span class='ocrx_word' id='word_1_173' title='bbox 939 1907 1211 1961; x_wconf 85' lang='lat' dir='ltr'>diffidentia</span> <span class='ocrx_word' id='word_1_174' title='bbox 1232 1946 1246 1962; x_wconf 86' lang='lat'><em>,</em></span> <span class='ocrx_word' id='word_1_175' title='bbox 1281 1924 1360 1959; x_wconf 89' lang='lat' dir='ltr'>aut</span> <span class='ocrx_word' id='word_1_176' title='bbox 1380 1908 1560 1977; x_wconf 83' lang='lat' dir='ltr'>parcior</span> <span class='ocrx_word' id='word_1_177' title='bbox 1589 1906 1812 1962; x_wconf 82' lang='lat' dir='ltr'>con1itas3</span> <span class='ocrx_word' id='word_1_178' title='bbox 1844 1922 1926 1953; x_wconf 80' lang='lat' dir='ltr'>cae-</span> 
     </span>
     <span class='ocr_line' id='line_1_25' title="bbox 479 1972 1923 2049; baseline -0.012 -12"><span class='ocrx_word' id='word_1_179' title='bbox 479 2003 704 2038; x_wconf 75' lang='lat' dir='ltr'>terorum</span> <span class='ocrx_word' id='word_1_180' title='bbox 738 1979 932 2033; x_wconf 89' lang='lat' dir='ltr'>mobilis</span> <span class='ocrx_word' id='word_1_181' title='bbox 966 1979 1298 2049; x_wconf 82' lang='lat' dir='ltr'>impatientia,</span> <span class='ocrx_word' id='word_1_182' title='bbox 1340 1976 1414 2028; x_wconf 82' lang='lat' dir='ltr'>vel</span> <span class='ocrx_word' id='word_1_183' title='bbox 1448 1973 1695 2025; x_wconf 87' lang='lat' dir='ltr'>hebetudo</span> <span class='ocrx_word' id='word_1_184' title='bbox 1728 1972 1787 2020; x_wconf 89' lang='lat' dir='ltr'>ad</span> <span class='ocrx_word' id='word_1_185' title='bbox 1819 1972 1923 2020; x_wconf 90' lang='lat' dir='ltr'>bea-</span> 
     </span>
     <span class='ocr_line' id='line_1_26' title="bbox 487 2042 1926 2121; baseline -0.011 -14"><span class='ocrx_word' id='word_1_186' title='bbox 487 2072 598 2106; x_wconf 90' lang='lat' dir='ltr'>tum</span> <span class='ocrx_word' id='word_1_187' title='bbox 628 2054 811 2104; x_wconf 83' lang='lat' dir='ltr'>exitum</span> <span class='ocrx_word' id='word_1_188' title='bbox 848 2068 948 2101; x_wconf 91' lang='lat' dir='ltr'>non</span> <span class='ocrx_word' id='word_1_189' title='bbox 980 2046 1266 2121; x_wconf 82' lang='lat' dir='ltr'>pervenisset.</span> <span class='ocrx_word' id='word_1_190' title='bbox 1350 2046 1589 2103; x_wconf 80' lang='lat' dir='ltr'>Pluribus,</span> <span class='ocrx_word' id='word_1_191' title='bbox 1615 2042 1811 2110; x_wconf 84' lang='lat' dir='ltr'>ingenio</span> <span class='ocrx_word' id='word_1_192' title='bbox 1843 2056 1926 2091; x_wconf 86' lang='lat' dir='ltr'>aut</span> 
     </span>
     <span class='ocr_line' id='line_1_27' title="bbox 488 2110 1925 2184; baseline -0.011 -10"><span class='ocrx_word' id='word_1_193' title='bbox 488 2126 592 2184; x_wconf 54' lang='lat' dir='ltr'>aeri}</span> <span class='ocrx_word' id='word_1_194' title='bbox 615 2139 745 2174; x_wconf 83' lang='lat' dir='ltr'>tanta</span> <span class='ocrx_word' id='word_1_195' title='bbox 769 2120 936 2170; x_wconf 90' lang='lat' dir='ltr'>omnia</span> <span class='ocrx_word' id='word_1_196' title='bbox 959 2115 1150 2169; x_wconf 77' lang='lat' dir='ltr'>fuissent</span> <span class='ocrx_word' id='word_1_197' title='bbox 1169 2117 1336 2168; x_wconf 83' lang='lat' dir='ltr'>nimia.</span> <span class='ocrx_word' id='word_1_198' title='bbox 1419 2113 1563 2165; x_wconf 86' lang='lat' dir='ltr'>Adeo</span> <span class='ocrx_word' id='word_1_199' title='bbox 1594 2111 1786 2162; x_wconf 85' lang='lat' dir='ltr'>fortuna</span> <span class='ocrx_word' id='word_1_200' title='bbox 1819 2110 1925 2180; x_wconf 81' lang='lat' dir='ltr'>qui-</span> 
     </span>
     <span class='ocr_line' id='line_1_28' title="bbox 484 2180 1923 2258; baseline -0.013 -13"><span class='ocrx_word' id='word_1_201' title='bbox 484 2192 689 2245; x_wconf 89' lang='lat' dir='ltr'>busdam</span> <span class='ocrx_word' id='word_1_202' title='bbox 715 2190 910 2258; x_wconf 80' lang='lat' dir='ltr'>negotio</span> <span class='ocrx_word' id='word_1_203' title='bbox 932 2203 1123 2256; x_wconf 77' lang='lat' dir='ltr'>coept05</span> <span class='ocrx_word' id='word_1_204' title='bbox 1155 2185 1254 2236; x_wconf 85' lang='lat' dir='ltr'>aliis</span> <span class='ocrx_word' id='word_1_205' title='bbox 1277 2183 1373 2252; x_wconf 86' lang='lat' dir='ltr'>jam</span> <span class='ocrx_word' id='word_1_206' title='bbox 1395 2200 1556 2244; x_wconf 77' lang='lat' dir='ltr'>antea,</span> <span class='ocrx_word' id='word_1_207' title='bbox 1591 2181 1721 2250; x_wconf 85' lang='lat' dir='ltr'>spem</span> <span class='ocrx_word' id='word_1_208' title='bbox 1752 2180 1923 2244; x_wconf 78' lang='lat' dir='ltr'>integri</span> 
     </span>
     <span class='ocr_line' id='line_1_29' title="bbox 484 2252 1922 2329; baseline -0.012 -15"><span class='ocrx_word' id='word_1_209' title='bbox 484 2259 703 2314; x_wconf 82' lang='lat' dir='ltr'>succeffus</span> <span class='ocrx_word' id='word_1_210' title='bbox 727 2256 1081 2329; x_wconf 74' lang='lat' dir='ltr'>praestrinxiilet.</span> <span class='ocrx_word' id='word_1_211' title='bbox 1154 2257 1341 2305; x_wconf 90' lang='lat' dir='ltr'>Verum</span> <span class='ocrx_word' id='word_1_212' title='bbox 1361 2255 1492 2304; x_wconf 87' lang='lat' dir='ltr'>enim</span> <span class='ocrx_word' id='word_1_213' title='bbox 1517 2252 1631 2304; x_wconf 81' lang='lat' dir='ltr'>vero</span> <span class='ocrx_word' id='word_1_214' title='bbox 1654 2287 1668 2312; x_wconf 86' lang='lat'><em>,</em></span> <span class='ocrx_word' id='word_1_215' title='bbox 1703 2265 1754 2299; x_wconf 86' lang='lat' dir='ltr'>ut</span> <span class='ocrx_word' id='word_1_216' title='bbox 1773 2253 1922 2299; x_wconf 84' lang='lat' dir='ltr'>etiam</span> 
     </span>
     <span class='ocr_line' id='line_1_30' title="bbox 482 2319 1920 2399; baseline -0.012 -16"><span class='ocrx_word' id='word_1_217' title='bbox 482 2351 643 2384; x_wconf 90' lang='lat' dir='ltr'>rerum</span> <span class='ocrx_word' id='word_1_218' title='bbox 666 2327 944 2399; x_wconf 84' lang='lat' dir='ltr'>prudentia,</span> <span class='ocrx_word' id='word_1_219' title='bbox 973 2345 1085 2396; x_wconf 88' lang='lat' dir='ltr'>opes</span> <span class='ocrx_word' id='word_1_220' title='bbox 1112 2362 1127 2387; x_wconf 84' lang='lat'><em>‚</em></span> <span class='ocrx_word' id='word_1_221' title='bbox 1161 2325 1382 2376; x_wconf 86' lang='lat' dir='ltr'>voluntas</span> <span class='ocrx_word' id='word_1_222' title='bbox 1404 2322 1543 2373; x_wconf 88' lang='lat' dir='ltr'>alicui</span> <span class='ocrx_word' id='word_1_223' title='bbox 1572 2319 1842 2378; x_wconf 80' lang='lat' dir='ltr'>adfuerint,</span> <span class='ocrx_word' id='word_1_224' title='bbox 1872 2320 1920 2368; x_wconf 73' lang='grc' dir='ltr'>δε</span> 
     </span>
     <span class='ocr_line' id='line_1_31' title="bbox 483 2387 1920 2464; baseline -0.013 -11"><span class='ocrx_word' id='word_1_225' title='bbox 483 2399 726 2454; x_wconf 75' lang='lat' dir='ltr'>industria.</span> <span class='ocrx_word' id='word_1_226' title='bbox 797 2399 896 2451; x_wconf 89' lang='lat' dir='ltr'>Cui</span> <span class='ocrx_word' id='word_1_227' title='bbox 921 2412 1082 2446; x_wconf 88' lang='lat' dir='ltr'>autem</span> <span class='ocrx_word' id='word_1_228' title='bbox 1106 2394 1262 2453; x_wconf 84' lang='lat' dir='ltr'>alteri,</span> <span class='ocrx_word' id='word_1_229' title='bbox 1292 2391 1447 2464; x_wconf 90' lang='lat' dir='ltr'>(quod</span> <span class='ocrx_word' id='word_1_230' title='bbox 1463 2393 1663 2442; x_wconf 88' lang='lat' dir='ltr'>unicum</span> <span class='ocrx_word' id='word_1_231' title='bbox 1686 2387 1746 2439; x_wconf 89' lang='lat' dir='ltr'>ad</span> <span class='ocrx_word' id='word_1_232' title='bbox 1768 2387 1920 2455; x_wconf 87' lang='lat' dir='ltr'>operis</span> 
     </span>
     <span class='ocr_line' id='line_1_32' title="bbox 483 2455 1914 2541; baseline -0.014 -18"><span class='ocrx_word' id='word_1_233' title='bbox 483 2473 707 2541; x_wconf 83' lang='lat' dir='ltr'>cuiusque</span> <span class='ocrx_word' id='word_1_234' title='bbox 726 2485 954 2518; x_wconf 88' lang='lat' dir='ltr'>coronam</span> <span class='ocrx_word' id='word_1_235' title='bbox 972 2464 1014 2531; x_wconf 75' lang='grc' dir='ltr'>ε)</span> <span class='ocrx_word' id='word_1_236' title='bbox 1034 2465 1093 2516; x_wconf 81' lang='lat' dir='ltr'>{ic</span> <span class='ocrx_word' id='word_1_237' title='bbox 1115 2463 1280 2524; x_wconf 85' lang='lat' dir='ltr'>firma,</span> <span class='ocrx_word' id='word_1_238' title='bbox 1301 2462 1361 2514; x_wconf 84' lang='lat' dir='ltr'>fic</span> <span class='ocrx_word' id='word_1_239' title='bbox 1385 2461 1639 2513; x_wconf 65' lang='lat' dir='ltr'>diuturna?</span> <span class='ocrx_word' id='word_1_240' title='bbox 1671 2461 1746 2510; x_wconf 90' lang='lat' dir='ltr'>Tu</span> <span class='ocrx_word' id='word_1_241' title='bbox 1769 2455 1914 2505; x_wconf 84' lang='lat' dir='ltr'>nimi-</span> 
     </span>
     <span class='ocr_line' id='line_1_33' title="bbox 480 2523 1913 2603; baseline -0.013 -10"><span class='ocrx_word' id='word_1_242' title='bbox 480 2561 591 2593; x_wconf 90' lang='lat' dir='ltr'>rum</span> <span class='ocrx_word' id='word_1_243' title='bbox 614 2541 890 2591; x_wconf 61' lang='lat' dir='ltr'>Eminentme</span> <span class='ocrx_word' id='word_1_244' title='bbox 913 2533 1180 2589; x_wconf 88' lang='lat' dir='ltr'>Cardinalis</span> <span class='ocrx_word' id='word_1_245' title='bbox 1201 2569 1214 2593; x_wconf 85' lang='lat'>‚</span> <span class='ocrx_word' id='word_1_246' title='bbox 1249 2550 1524 2603; x_wconf 86' lang='lat' dir='ltr'>quanquam</span> <span class='ocrx_word' id='word_1_247' title='bbox 1550 2529 1698 2580; x_wconf 86' lang='lat' dir='ltr'>futuri</span> <span class='ocrx_word' id='word_1_248' title='bbox 1730 2523 1913 2575; x_wconf 87' lang='lat' dir='ltr'>molem</span> 
     </span>
     <span class='ocr_line' id='line_1_34' title="bbox 481 2596 1911 2680; baseline -0.013 -19"><span class='ocrx_word' id='word_1_249' title='bbox 481 2612 686 2680; x_wconf 82' lang='lat' dir='ltr'>negotii,</span> <span class='ocrx_word' id='word_1_250' title='bbox 713 2606 851 2659; x_wconf 81' lang='lat' dir='ltr'>fimul</span> <span class='ocrx_word' id='word_1_251' title='bbox 874 2625 925 2656; x_wconf 92' lang='lat' dir='ltr'>ac</span> <span class='ocrx_word' id='word_1_252' title='bbox 947 2604 1103 2656; x_wconf 85' lang='lat' dir='ltr'>oblata</span> <span class='ocrx_word' id='word_1_253' title='bbox 1126 2601 1190 2654; x_wconf 88' lang='lat' dir='ltr'>est</span> <span class='ocrx_word' id='word_1_254' title='bbox 1203 2638 1217 2664; x_wconf 86' lang='lat'><em>‚</em></span> <span class='ocrx_word' id='word_1_255' title='bbox 1238 2615 1694 2673; x_wconf 85' lang='lat' dir='ltr'>quantamquantam</span> <span class='ocrx_word' id='word_1_256' title='bbox 1709 2596 1911 2665; x_wconf 86' lang='lat' dir='ltr'>penitus,</span> 
     </span>
     <span class='ocr_line' id='line_1_35' title="bbox 426 2661 1911 2744; baseline -0.013 -13"><span class='ocrx_word' id='word_1_257' title='bbox 426 2694 430 2698; x_wconf 90' lang='grc'><strong><em>’</em></strong></span> <span class='ocrx_word' id='word_1_258' title='bbox 481 2678 601 2730; x_wconf 79' lang='lat' dir='ltr'>adeo</span> <span class='ocrx_word' id='word_1_259' title='bbox 620 2698 719 2729; x_wconf 88' lang='lat' dir='ltr'>non</span> <span class='ocrx_word' id='word_1_260' title='bbox 741 2674 941 2736; x_wconf 70' lang='lat' dir='ltr'>temere,</span> <span class='ocrx_word' id='word_1_261' title='bbox 977 2671 1290 2744; x_wconf 77' lang='lat' dir='ltr'>praesenseris5</span> <span class='ocrx_word' id='word_1_262' title='bbox 1322 2669 1573 2742; x_wconf 85' lang='lat' dir='ltr'>postquam</span> <span class='ocrx_word' id='word_1_263' title='bbox 1598 2661 1911 2736; x_wconf 63' lang='lat' dir='ltr'>suspect-audac</span> 
     </span>
    </p>
   </div>
   <div class='ocr_carea' id='block_1_2' title="bbox 484 2737 1909 2856">
    <p class='ocr_par' dir='ltr' id='par_1_3' title="bbox 484 2737 1909 2856">
     <span class='ocr_line' id='line_1_36' title="bbox 484 2737 1909 2850; baseline -0.014 -49"><span class='ocrx_word' id='word_1_264' title='bbox 484 2749 741 2801; x_wconf 84' lang='lat' dir='ltr'>ambitioni</span> <span class='ocrx_word' id='word_1_265' title='bbox 783 2743 1070 2808; x_wconf 86' lang='lat' dir='ltr'>modestiam</span> <span class='ocrx_word' id='word_1_266' title='bbox 1109 2739 1402 2812; x_wconf 60' lang='lat' dir='ltr'>praestruxisti</span> <span class='ocrx_word' id='word_1_267' title='bbox 1438 2762 1447 2791; x_wconf 91' lang='lat'>:</span> <span class='ocrx_word' id='word_1_268' title='bbox 1494 2737 1596 2791; x_wconf 81' lang='lat' dir='ltr'>Sola</span> <span class='ocrx_word' id='word_1_269' title='bbox 1630 2737 1741 2788; x_wconf 87' lang='lat' dir='ltr'>Tibi</span> <span class='ocrx_word' id='word_1_270' title='bbox 1776 2751 1909 2850; x_wconf 45' lang='grc' dir='ltr'>(τοῐίῃ-</span> 
     </span>
     <span class='ocr_line' id='line_1_37' title="bbox 1725 2821 1906 2856; baseline -0.011 -1"><span class='ocrx_word' id='word_1_271' title='bbox 1725 2821 1837 2856; x_wconf 86' lang='lat' dir='ltr'>men</span> <span class='ocrx_word' id='word_1_272' title='bbox 1861 2822 1906 2853; x_wconf 90' lang='lat' dir='ltr'>a-</span> 
     </span>
    </p>
   </div>
  </div>
 </body>
</html>
