2154 3460
239 339 1660 445 ssssossQssaffiffiffiuffiffissQffiQssfflffiffiffi

239 406 1659 497 &aoffluaaffluouffluafflauaafflffia

260 474 1648 521 ,ΩἏὌἯἯΞῺἮἯἮἯὯἯἯἯἯΨἯὯὫἯΨἯἯ

297 592 337 626 ἲ
374 587 460 649 ‚J
489 585 673 650 4»
692 588 894 657 Agnum
921 581 1041 638 adeo
1062 586 1185 638 nihil
1210 585 1301 643 est,
1330 585 1465 659 quod
1493 604 1666 658 praepe-
1699 583 1736 635 I.

258 666 276 683 ⁰
407 666 425 676 ⁷
461 692 500 713 ,Ι
540 662 584 723 '242
608 689 613 695 -
644 684 657 710 ;
727 672 793 707 tes
817 659 971 708 Famae
992 675 1166 726 pennas
1187 674 1428 718 moretur,
1455 673 1536 708 aut
1563 655 1671 708 fati-

724 742 818 796 get.
889 724 1054 779 Immo
1087 726 1284 779 celebria
1315 726 1473 779 multo
1505 745 1671 796 prom-

448 850 455 857 ,
628 837 664 861 2..
725 797 852 866 ptior
882 794 974 858 est,
1018 812 1072 847 ut
1099 798 1322 868 excipiat,
1359 795 1590 867 latiusque
1619 797 1673 848 in

248 916 261 932 1
499 862 515 931 ῗ’
545 876 569 932 ξ’
629 913 644 931 ³
725 867 913 917 Orbem
940 865 1153 921 differat,
1173 869 1349 918 excuba
1367 865 1565 937 semper,
1587 885 1672 917 nec

239 937 269 986 Γ
326 952 339 960 ‘
406 957 440 973 ω
468 937 514 985 ,ᾗ
555 935 578 1002 ξ
635 933 674 997 ἦ
718 933 794 986 vel
823 936 874 984 in
909 937 1083 986 arcanis
1128 936 1330 1006 usquam
1367 936 1523 987 dissita
1558 936 1670 986 Ma-

222 996 234 1005 “
553 1003 573 1023 ‘¹
720 1019 924 1073 gnatum
951 1006 1137 1058 arbitra.
1196 1008 1248 1056 Ν
1257 1024 1333 1059 oN
1380 1023 1531 1058 ENIM
1576 1024 1668 1057 TE-

214 1085 496 1128 NERRAE,
549 1086 691 1123 NON
737 1091 1115 1126 SOLiTuDo
1163 1093 1472 1137 oBSTAT,
1523 1092 1667 1139 Quo

213 1154 451 1190 MlNus
517 1155 595 1190 IN
657 1160 938 1195 vutous
1006 1164 1333 1197 D1MANET
1379 1181 1393 1206 ‚
1461 1162 1666 1204 Qun]-

214 1225 396 1270 Qulo
443 1223 622 1261 EGER
646 1230 709 1262 IT
750 1215 783 1264 P
806 1232 1018 1266 RINCE
1043 1233 1122 1266 ps,
1208 1214 1513 1267 Eademnum
1552 1212 1664 1283 ergo

213 1275 348 1327 causa
374 1274 463 1337 est,
501 1294 583 1327 cur
612 1281 808 1351 grandia
839 1285 1098 1355 Principes,
1121 1287 1170 1336 ὃς
1206 1284 1292 1336 fibi
1322 1284 1510 1335 tantum
1537 1285 1664 1352 paria

214 1346 453 1416 exquisitis
475 1365 616 1417 agant
633 1347 828 1402 studiis?
864 1369 909 1404 at
930 1370 1045 1404 natu
1064 1353 1194 1406 velut
1214 1373 1387 1424 magna
1409 1352 1533 1414 sunt,
1558 1372 1665 1423 quae

213 1416 240 1466 a
265 1417 449 1484 magnis
474 1433 487 1473 5
533 1416 686 1488 eoque
715 1420 963 1492 conspicua
981 1460 995 1485 ‚
1038 1422 1161 1475 dum
1191 1426 1422 1475 eminent.
1519 1426 1664 1474 Fama

213 1482 328 1536 vero
350 1485 491 1535 etiam
515 1487 566 1536 in
587 1487 912 1560 longinquum
933 1494 1130 1561 exponit
1151 1510 1164 1550 3
1235 1494 1455 1563 Facitque
1480 1508 1534 1543 ut
1560 1491 1663 1542 talis

211 1556 386 1615 virtus,
409 1572 509 1605 non
529 1560 782 1611 montium
811 1558 978 1622 instar,
1013 1563 1061 1613 &
1079 1560 1186 1612 suos
1205 1581 1379 1631 nempe
1404 1564 1527 1612 intra
1546 1559 1664 1612 fines

210 1639 403 1675 tantum
432 1643 657 1694 appareat.
729 1628 954 1699 Fulgebas
972 1628 1070 1696 jam
1091 1630 1211 1682 olim
1244 1631 1497 1701 Salisburgi
1529 1629 1662 1682 futu-

211 1712 272 1743 rae
304 1692 398 1763 spei
427 1694 714 1759 manifestis,
746 1717 797 1749 ac
823 1702 1085 1769 Purpuram
1120 1700 1481 1769 praelucentibus
1510 1701 1662 1752 virtu-

207 1779 315 1814 tum
346 1760 486 1814 radiis
526 1767 821 1818 Εηῑίηεηῑῦ7ης
849 1768 1142 1831 Cardinalis‚
1182 1770 1315 1821 velut
1342 1770 1660 1840 pulcherrima

210 1834 262 1882 in
291 1848 401 1884 ortu
419 1850 607 1896 aurora,
630 1836 796 1908 utique
813 1836 1010 1907 plenum
1027 1875 1041 1900 ‚
1069 1838 1327 1910 totumque
1355 1839 1495 1891 fimul
1523 1838 1658 1892 diem

207 1920 326 1953 mox
348 1902 493 1954 Coelo
512 1903 704 1956 illatura.
787 1909 909 1958 Non
934 1912 1083 1979 magis
1115 1911 1261 1979 igitur
1291 1908 1438 1980 quam
1466 1908 1558 1962 sol,
1593 1909 1658 1960 sa-

204 1990 367 2041 gacem
381 1970 518 2023 latere
531 1974 686 2026 Deam
698 1994 978 2029 ornamenta
988 1979 1048 2030 fic
1061 1977 1252 2031 illustria
1271 1995 1489 2050 poterant
1502 2015 1517 2040 ‚
1538 1982 1659 2049 quin

200 2040 418 2095 volucria
447 2040 528 2092 sua
549 2047 742 2114 negotia
762 2048 812 2098 in
834 2063 997 2099 totum
1030 2048 1179 2100 ferme
1206 2065 1438 2100 terrarum
1458 2050 1658 2101 orbenh

206 2129 355 2182 quam
382 2112 597 2179 primum
616 2115 869 2185 expediret.
940 2117 1145 2189 Jamque
1173 2118 1277 2188 post
1306 2118 1658 2170 admirantem„

208 2182 521 2232 Germaniam
542 2185 773 2252 praeclaras
795 2186 935 2237 Italia:
958 2206 1061 2237 oras
1083 2224 1097 2240 ,
1139 2186 1234 2252 jam
1260 2207 1466 2239 omnem
1486 2191 1658 2239 Romae

205 2250 460 2310 viciniam,
499 2252 706 2322 denique
734 2258 781 2306 ὃς
800 2253 1043 2306 sacerrima
1068 2257 1266 2327 Quirmi
1287 2256 1539 2326 penetralia
1560 2259 1655 2308 exi-

207 2321 318 2371 miis
339 2321 385 2369 G
402 2320 449 2370 U
464 2323 482 2371 I
497 2321 548 2371 D
562 2324 609 2373 O
623 2326 660 2373 B
672 2324 718 2373 A
735 2325 771 2373 L
785 2324 835 2374 D
852 2326 872 2375 I
890 2326 1133 2394 praeconiis
1157 2325 1392 2396 implevit,
1414 2325 1546 2378 velut
1569 2327 1655 2377 uni

207 2388 457 2440 servitium
481 2391 628 2459 pacta.
655 2393 858 2445 Utinam
885 2393 1025 2448 Vero,
1045 2395 1161 2446 sicut
1192 2397 1331 2447 rebus
1356 2396 1538 2447 levibus
1561 2395 1655 2446 hoc

205 2460 411 2510 Numen
442 2457 556 2529 saepe
583 2462 797 2515 nimium
825 2462 916 2517 est,
957 2467 1179 2517 maximis
1209 2467 1354 2517 etiam
1388 2463 1649 2518 sufficeret!

196 2530 389 2581 ¹Omnia
407 2528 607 2598 quidem
622 2567 636 2592 ‚
655 2550 759 2602 quae
780 2532 997 2586 summos
1015 2534 1186 2606 gradus
1207 2535 1466 2597 excedunt,
1491 2535 1655 2586 suum-

204 2614 306 2649 met
326 2600 473 2649 etiam
511 2604 793 2653 encomium
823 2602 987 2656 solent.
1073 2608 1227 2658 Exteri
1253 2605 1448 2666 Hercle,
1478 2605 1655 2675 quibus

204 2669 365 2718 omnis
393 2669 443 2718 in
476 2667 570 2721 sola
597 2669 727 2723 fama
763 2672 845 2726 fita
878 2673 994 2726 fides
1026 2673 1118 2736 est,
1159 2675 1345 2728 insolita
1379 2676 1499 2727 fasta
1525 2673 1659 2726 facile

205 2755 293 2806 pro
319 2734 437 2788 fictis
455 2737 723 2794 habuerint.
798 2742 871 2796 Illi
892 2743 1004 2816 ergo
1023 2747 1258 2816 integram
1281 2766 1442 2800 rerum
1463 2762 1657 2864 tparum

1506 2833 1654 2866 etiem
