2118 3455
455 335 640 407 magnis
662 334 838 390 solent:
872 353 1008 390 acuta
1028 355 1215 401 autem,
1241 337 1301 391 'ac
1331 357 1472 412 prom
1508 358 1552 394 ta
1580 358 1633 396 ut
1661 340 1901 406 affudent,

454 407 540 459 nisi
565 404 676 458 cum
700 406 911 478 superare
943 412 1111 462 cuncta
1133 410 1331 475 volunt,
1362 411 1459 465 hau
1526 413 1758 484 indigent.
1831 417 1903 467 O-

454 477 588 528 mnia
611 478 769 548 itaque
790 481 1007 547 praeverti
1025 481 1139 533 Tibi
1158 481 1349 533 animus
1370 480 1704 535 fuit:idoneus
1717 483 1902 546 Hercle,

454 551 502 600 ὃ(
525 546 652 607 felix,
678 565 783 616 quae
808 547 948 599 velles
958 585 973 611 ,
995 548 1201 621 adipisci.
1276 549 1451 622 Neque
1481 551 1598 603 alius
1627 552 1777 619 major
1821 552 1904 615 est,

452 616 600 688 quam
623 617 704 686 qui
736 614 1022 671 difficillima
1044 621 1162 672 ausit
1172 638 1186 679 3
1220 620 1338 672 aufit
1356 619 1497 684 vero,
1534 640 1639 691 quae
1665 625 1712 675 ὅ(
1744 621 1902 692 poffit.

453 686 702 755 Specimen
723 687 962 740 nimirum
988 708 1040 741 ac
1061 690 1193 760 spem
1215 689 1474 760 praemisisti
1509 693 1562 742 in
1598 690 1688 742 hos
1717 710 1866 743 annos
1887 727 1902 753 ,

452 754 652 826 quando
673 757 745 807 Te
768 756 962 811 Caesaris
990 758 1133 812 instar
1155 776 1347 829 oportet
1378 778 1613 831 magnum
1647 759 1767 819 esse5
1820 780 1906 812 nec

452 824 592 895 poffis
613 840 793 877 tantus,
824 826 857 878 fi
876 847 978 879 non
997 827 1292 888 industrius,
1325 846 1405 880 aut
1432 829 1567 899 quod
1588 833 1780 900 propius
1807 833 1905 881 Ge-

453 895 540 947 nio
563 911 650 945 tuo
671 893 887 950 dictum:
921 897 1081 952 facile,
1106 897 1395 970 feliciterque
1425 898 1702 952 laboriosus.
1775 901 1902 971 Qae

452 980 567 1016 tunc
590 964 668 1015 alii
692 965 815 1016 inter
841 984 957 1019 artes
979 969 1303 1039 inquirebant,
1332 971 1409 1023 Tu
1428 967 1621 1021 attulisti
1643 988 1658 1022 ε
1702 988 1807 1040 quae
1829 969 1902 1020 di-

452 1032 657 1095 scebant,
681 1036 923 1090 exereuisti
937 1073 953 1100 ,
989 1036 1162 1089 doctus

590 1106 819 1171 Qidquid
831 1113 1096 1157 Democritus
1114 1110 1221 1175 rfit,
1246 1108 1437 1173 dixitque
1455 1110 1626 1156 tacendo

589 1175 843 1241 Pythagoras
975 1210 998 1221 -
1068 1210 1087 1218 -
1160 1215 1180 1222 -

452 1240 653 1294 Abhinc
676 1243 946 1297 universam
968 1265 1112 1317 poene
1137 1250 1379 1317 Europam
1398 1244 1707 1316 permigrasti.
1765 1244 1899 1295 Mul-
1942 1247 1945 1250 ’

450 1328 562 1364 tum
595 1333 729 1367 enim
772 1333 1105 1370 1NTERDUM
1151 1335 1422 1369 EXPED1T
1464 1332 1770 1367 PATRIAM
1810 1332 1903 1365 NE-

451 1400 748 1446 ememus,
802 1404 878 1436 ur
927 1404 1313 1440 sApiENTIAM
1363 1404 1508 1449 Qus
1563 1402 1769 1435 Possir
1814 1401 1901 1434 Ac-

448 1469 542 1514 Qu
568 1474 577 1502 ι
600 1472 632 1506 R
654 1473 684 1506 E
706 1473 739 1507 R
762 1473 806 1506 E.
915 1455 1122 1526 Linguas
1155 1456 1327 1526 igitur,
1358 1456 1527 1505 omnia
1558 1451 1819 1523 praestantia
1839 1451 1899 1502 ad

453 1522 624 1591 Remp.
646 1527 695 1576 ὃς
717 1526 933 1592 regimen
954 1542 1222 1577 momenta,
1246 1526 1297 1575 in
1331 1543 1489 1576 unum
1520 1521 1737 1592 congesta
1762 1537 1901 1591 caput

451 1591 659 1643 reversus
694 1591 960 1656 adduxisti,
982 1594 1042 1645 fic
1065 1595 1239 1664 peritus
1271 1610 1424 1645 extera
1452 1591 1702 1664 loquendi,
1758 1608 1901 1661 atque

450 1661 769 1730 gubernandi,
796 1661 929 1714 velut
946 1663 1184 1734 nusquam
1205 1666 1407 1733 peregre,
1431 1664 1608 1732 ubique
1631 1661 1771 1711 domi
1798 1660 1901 1711 fue-

454 1732 527 1781 ris.
604 1730 802 1782 Plurimi
827 1733 877 1781 in
900 1732 1070 1782 orbem
1089 1749 1290 1785 exeunt,
1326 1730 1457 1783 haud
1481 1731 1626 1790 aliter,
1687 1745 1828 1799 atque
1848 1746 1902 1779 ut

456 1801 748 1851 circumeant
773 1818 787 1858 3
833 1801 951 1852 vitia
991 1800 1309 1852 consectantes
1328 1837 1343 1860 ‚
1394 1818 1627 1871 tanquam
1678 1819 1804 1860 rara,
1848 1817 1900 1848 ac

451 1867 650 1939 perinde
697 1887 752 1919 ex
793 1868 1062 1939 longinquo
1104 1868 1391 1940 acquirenda
1433 1892 1445 1922 :
1514 1868 1696 1938 pileum
1728 1904 1743 1929 ,
1810 1887 1896 1918 nec

450 1937 572 1989 adeo
603 1954 741 2008 caput
773 1954 963 1990 mutant
993 1975 1008 2001 ,
1061 1955 1329 2011 ornantque
1364 1954 1376 1990 t
1447 1937 1659 1989 domum
1686 1937 1852 1988 reuersi
1878 1972 1894 1999 ‚

451 2009 723 2059 etiamnum
747 2007 954 2078 hospites
978 2045 993 2070 ,
1040 2026 1181 2079 atque
1216 2010 1269 2059 in
1303 2008 1542 2078 Rempub.
1581 2011 1628 2059 δε
1661 2009 1895 2058 Patriam-2

452 2076 576 2127 nihil
609 2077 864 2146 praesentes.
935 2080 1013 2130 Tu
1047 2078 1224 2131 diffitas
1256 2077 1554 2148 moratasque
1588 2079 1800 2146 regiones
1831 2076 1891 2126 fic

447 2145 711 2216 pervidisti,
748 2146 848 2218 quo
872 2147 1043 2198 melius
1069 2148 1343 2218 provideres
1364 2148 1485 2200 olim
1497 2150 1539 2199 T
1542 2166 1626 2197 uae.
1657 2166 1713 2198 ex
1734 2144 1895 2197 Tullio

449 2215 649 2268 doctus,
686 2234 764 2267 AD
802 2235 1130 2269 CONs1L1uM
1168 2237 1239 2270 DE
1276 2221 1415 2271 REP.
1466 2235 1582 2268 DAN
1600 2236 1722 2268 Dum
1747 2252 1759 2276 ,
1809 2235 1895 2267 cA-

450 2304 564 2337 Pur
600 2304 731 2336 ESSE
755 2321 769 2347 ,
808 2303 987 2338 NossE
1032 2305 1512 2340 REMPuBLchmz
1553 2284 1894 2338 domesticam

447 2353 652 2425 quidem
677 2354 862 2424 optime
885 2375 942 2407 ex
973 2356 1206 2426 perspecta
1238 2358 1438 2408 aliarum
1469 2354 1653 2408 notitia.
1734 2353 1823 2407 Sed
1848 2373 1894 2430 e:

450 2426 558 2476 nim
580 2423 835 2494 quomodo
856 2444 986 2476 nunc
1004 2428 1195 2496 Imperii
1221 2446 1272 2478 ac
1292 2429 1437 2480 Orbis
1459 2428 1605 2496 capita
1626 2424 1812 2475 duceres
1826 2456 1839 2481 ‚
1858 2426 1891 2474 h

449 2494 703 2565 quondam
733 2492 816 2546 ista
850 2514 950 2547 non
973 2494 1157 2548 videres
1178 2500 1194 2546 ?
1229 2495 1488 2568 quomodo
1512 2495 1712 2547 demum
1734 2492 1795 2543 de
1817 2510 1891 2542 or-

452 2565 513 2615 be
533 2562 655 2616 reffl}
683 2563 976 2627 decerneres,
1015 2584 1163 2636 quem
1183 2584 1318 2618 antea
1341 2587 1441 2619 non
1460 2583 1665 2617 cerneres
1685 2566 1703 2616 ἐ
1739 2563 1892 2632 supre-

453 2635 524 2686 mi
569 2654 730 2686 rerum
761 2635 978 2688 civilium
997 2634 1215 2705 Magistri
1250 2635 1480 2690 sententia
1501 2671 1515 2696 ‚
1567 2651 1895 2684 comitium

451 2720 573 2755 mus
600 2722 727 2761 EST,
754 2721 853 2761 Qm
880 2720 970 2756 REI
996 2721 1296 2763 eruamur:
1324 2720 1568 2758 Pennus,
1617 2711 1893 2782 Qidmul-

454 2793 501 2829 ta
525 2777 797 2831 ?Profectus
810 2797 853 2830 es
875 2794 929 2831 ut
939 2776 1200 2847 proficere5‚
1216 2797 1356 2852 atque
1379 2777 1492 2833 inde
1517 2795 1617 2833 tam
1643 2780 1889 2899 perfectas:

1731 2854 1823 2901 Pau
1858 2867 1889 2900 o
