2118 3455
195 266 403 336 potiores
421 261 716 316 videbimur.
787 259 1033 314 Publicam
1063 262 1189 314 hanc
1218 262 1434 318 laetitiam
1465 285 1628 340 optata

193 336 224 388 s
247 354 290 386 es
309 334 416 386 alit:
448 333 673 385 futurum
695 331 893 395 scilicet,
913 349 967 384 ut
990 330 1185 403 posthac
1207 333 1234 385 a
1260 336 1402 387 nobis
1422 356 1523 390 non
1551 342 1633 393 ab·

234 403 420 455 raharis.
493 403 656 456 Primo
679 404 812 455 enim
837 438 852 464 ,
911 402 1099 454 causam
1120 404 1317 474 publicae
1338 406 1489 476 pacis,
1546 410 1632 461 illo

190 477 357 545 utique
378 472 536 524 modo
556 473 784 525 haetenus
811 471 971 542 egisti,
1004 489 1059 524 ut
1091 492 1197 526 eam
1233 474 1384 546 quam
1413 479 1635 548 proxime?

189 546 429 615 peregeris.
469 560 609 614 atque
629 540 749 595 adeo
768 558 869 593 tam
891 542 1056 594 fimilis
1079 543 1222 595 causae
1239 581 1252 605 ‚
1275 543 1424 616 quam
1454 549 1628 604 talium

188 616 530 669 Comitiorum
553 610 869 684 imposterum
892 610 1131 664 necessitas
1158 616 1364 666 extincta
1383 616 1453 670 fit.
1525 622 1627 673 De-

186 683 303 737 inde
335 703 435 754 pars
462 699 658 753 utraque
692 681 824 733 hunc
865 684 915 732 in
958 684 1141 752 apicem
1175 683 1406 738 venistis:
1444 687 1527 739 ubi
1548 692 1626 742 Tu

186 753 321 824 supra
343 753 409 804 nil
436 755 633 814 mereri,
652 752 865 803 Maximi
879 750 1100 804 Pontifex
1131 756 1180 805 ὃ(
1212 756 1476 825 Imperator
1506 758 1625 812 ultra

184 823 422 874 honorare
447 840 548 873 non
570 819 768 893 poffent.
839 822 980 891 Qid
1004 841 1089 874 nos
1111 822 1330 886 humilis,
1357 827 1510 895 impar
1522 846 1624 881 tur-

184 893 242 943 ba
276 893 369 958 jam
399 891 732 944 conferemus?
759 892 985 942 Animos.
1019 910 1140 962 quos
1163 893 1306 945 multi
1330 896 1622 959 multos‚ta-

184 982 298 1013 men
322 980 427 1032 erga
446 964 514 1012 Te
538 980 659 1012 unos
682 960 941 1019 habemus,
965 960 1296 1033 constantique
1325 963 1422 1016 fide
1454 985 1620 1020 aman-

180 1047 258 1083 tes.
297 1049 433 1084 tanto
456 1031 668 1084 Cardine
688 1030 877 1083 clavum
900 1028 1256 1086 firmissimum:
1293 1037 1341 1087 ὃς
1402 1054 1466 1086 uo
1496 1041 1620 1090 Her-

182 1101 248 1153 cle
269 1119 368 1153 tota
392 1098 547 1153 nostra
567 1099 762 1152 fortuna
790 1099 1022 1170 perpetuo
1043 1118 1254 1154 vertatur
1275 1104 1410 1157 bene.
1484 1108 1617 1161 Licet

179 1172 482 1248 popularium
504 1169 706 1241 quidem
729 1170 926 1221 aflectus
957 1170 1158 1240 fingufi,
1197 1172 1318 1243 quid
1346 1177 1618 1245 Principem

177 1245 373 1310 juvent?
425 1239 628 1292 universi
661 1256 826 1291 tamen
862 1259 931 1291 res
959 1259 1054 1291 una
1082 1245 1316 1294 omnium
1355 1243 1472 1296 huic
1504 1246 1616 1301 sunt:

176 1309 561 1383 praestantissima.
588 1314 656 1363 Ex
674 1308 759 1362 ista
780 1328 891 1380 ergo
911 1312 1192 1363 animorum
1206 1315 1388 1365 unione
1408 1334 1615 1372 omnem

174 1385 333 1434 Tuam
356 1380 627 1433 felicitatem
648 1381 788 1450 gratis
811 1378 1080 1449 junffisque
1098 1383 1224 1433 votis
1252 1384 1365 1435 Tibi
1395 1404 1613 1456 perpetu-

171 1472 253 1503 am
279 1450 592 1520 congratulari
614 1449 874 1501 voluimus,
913 1452 1089 1520 Neque
1108 1453 1240 1503 enim
1262 1453 1612 1517 vellen1u5‚nifi

171 1523 318 1593 grati:
347 1525 395 1573 ὃς
418 1517 759 1590 congratulari,
790 1519 877 1570 nifi
901 1521 1155 1572 unanimes
1176 1558 1190 1583 ‚
1231 1541 1333 1573 non
1356 1523 1613 1593 poffemus.

171 1589 431 1663 quomodo
449 1606 613 1641 autem
635 1609 692 1641 ex
711 1606 850 1658 aequo
873 1589 1124 1641 unanimes
1145 1594 1161 1641 ?
1196 1591 1284 1643 nisi
1314 1596 1484 1645 onmia
1506 1598 1610 1649 Tua

172 1663 342 1713 merita
365 1661 417 1710 in
442 1677 611 1709 omnes
628 1694 641 1719 ,
698 1660 831 1710 velut
855 1657 906 1707 in
927 1676 1117 1717 unum3
1186 1675 1330 1730 atque
1363 1661 1484 1715 adeo
1512 1667 1610 1735 ipsa

171 1732 341 1783 omnia
378 1748 562 1790 unum,
606 1725 686 1778 sed
715 1725 1015 1779 immensum
1045 1727 1202 1781 essent.
1276 1734 1348 1782 lta
1392 1737 1608 1802 agnosci-

172 1821 304 1863 mus,
339 1818 390 1850 ac
410 1797 708 1870 profitemur.
747 1813 881 1848 tanto
899 1815 1145 1867 propterea
1171 1797 1446 1870 diligentius
1475 1823 1607 1858 cura-

170 1873 293 1934 turi,
318 1886 372 1920 ut
400 1866 640 1941 quamdiu
667 1864 970 1918 meritissima
1001 1865 1149 1920 isthac
1179 1870 1232 1920 in
1267 1871 1478 1941 Purpura
1513 1895 1604 1930 no.

298 1941 396 2001 bis,
435 1942 484 1994 O
514 1936 664 2009 quam
686 1932 980 1988 diutissime!
1015 1936 1331 2009 praefulgebis‚
1352 1941 1481 1997 nulla

525 2025 743 2078 unquam
777 2008 829 2057 in
859 2008 929 2058 'I'e
959 2005 1096 2079 culpa
1127 2011 1222 2079 pal-

790 2076 985 2128 leamuS.
