2118 3455
485 312 700 356 CAPUT,
740 308 814 344 ET
849 306 1042 343 MEDTA
1088 308 1278 344 1NTER
1319 289 1483 343 Dssos
1537 308 1716 343 SEDES
1757 297 1946 345 Auno:

486 385 506 416 s
519 384 549 415 T
564 383 589 415 A
605 378 635 415 R
649 382 717 415 ET
739 398 752 424 ‚
791 379 821 412 A
834 381 865 411 u
879 380 909 411 T
949 380 977 412 E
993 379 1019 412 B
1033 379 1064 411 0
1077 380 1109 413 R
1123 380 1166 415 E.
1238 362 1394 432 Atqui
1422 359 1576 412 isthoc
1595 363 1742 413 etiam
1760 361 1943 415 hono-⁴

487 454 535 485 re
557 435 633 485 Tu
652 432 754 503 plus
773 448 874 481 uno
897 429 1046 500 gradu
1068 468 1082 494 ‚
1108 449 1210 482 non
1231 433 1352 483 abes.
1387 429 1633 482 tantillum
1657 449 1831 502 nempe
1851 451 1920 484 re-

487 503 573 556 stat
588 539 602 565 ,
624 519 678 553 ut
698 501 752 552 sis
774 498 1107 552 Sanffissimus.
1153 499 1287 555 Cum
1312 502 1446 552 enim
1471 518 1624 571 neque
1644 500 1811 562 sacraS,
1827 521 1924 554 eas-

488 592 582 644 que
602 589 832 622 maximas
859 588 989 621 curas
1009 569 1035 622 a
1066 570 1263 622 summo
1293 572 1487 640 Imperii
1511 570 1831 640 gubernaculo
1857 571 1921 622 se-

490 642 722 713 posueris5
752 637 969 709 adeoque
993 643 1205 712 utrisque
1232 643 1401 711 pariter
1424 640 1679 693 insueveris
1704 663 1715 693 :
1746 639 1924 711 quidni

492 717 539 764 &
572 711 808 780 supremas
848 709 1051 761 Ecclesiae
1086 708 1231 780 digne
1262 709 1550 761 modereris?
1587 713 1690 762 Hac
1712 709 1772 761 de
1791 710 1925 762 causa

491 778 815 833 Sanffissimus
837 798 995 830 rerum
1029 780 1201 830 arbiter
1231 783 1493 850 Purpuram
1524 779 1927 834 Cardinalitiam„

493 848 734 920 superjecit
758 850 1073 919 Imperatoriae
1099 872 1109 902 :
1139 848 1277 920 quod
1301 867 1553 920 utramque
1574 849 1740 901 scilicet
1765 887 1778 902 ,
1806 851 1926 919 pari-

496 922 582 972 bus
606 919 743 971 ferres
767 918 997 970 humeris.
1077 919 1128 971 ld
1151 919 1319 982 decus,
1347 921 1512 990 utique
1546 921 1776 971 omnium
1794 921 1928 973 sum-

497 1010 635 1041 mum
653 1026 667 1051 ‚
700 993 813 1060 quia
837 989 969 1039 nullo
989 1026 1003 1050 ,
1034 989 1119 1040 nifi
1146 991 1432 1040 meritorum
1459 988 1693 1058 respeciu,
1715 990 1774 1040 ab
1794 1005 1929 1041 utro·-

497 1079 590 1130 que
613 1063 862 1111 Summate
888 1059 1000 1109 Tibi
1023 1059 1250 1110 collatum
1273 1058 1336 1110 est
1360 1081 1370 1111 :
1399 1078 1450 1109 ea
1477 1076 1673 1129 quoque
1695 1077 1782 1128 pro
1800 1058 1926 1110 sum-

496 1131 586 1180 mis
626 1130 908 1199 agnoverint
948 1145 1151 1196 oportet.
1246 1127 1427 1180 Revera
1456 1127 1674 1178 summus
1705 1128 1929 1180 Pontifex

496 1198 745 1250 sublimius
785 1201 853 1249 Te
900 1198 1101 1248 evehere
1156 1197 1290 1249 nullo
1323 1196 1480 1248 modo
1522 1198 1682 1267 potuit
1702 1234 1716 1259 ‚
1752 1196 1932 1268 quam,

496 1266 834 1320 constituendo
856 1304 869 1327 ,
913 1284 966 1318 ut
989 1267 1128 1320 Idem
1160 1267 1263 1337 post
1295 1267 1452 1338 ipsum
1484 1265 1593 1319 effes
1652 1281 1664 1318 Σ
1736 1266 1932 1321 CaesaL,

496 1355 693 1395 autenm
740 1353 794 1388 ut
829 1337 970 1388 fimul
1014 1357 1128 1389 cum
1162 1337 1269 1407 Ipso
1305 1336 1414 1389 effes
1439 1374 1452 1399 ‚
1509 1337 1605 1389 slve
1634 1335 1932 1406 Alter-Ipse.

495 1406 635 1459 Adeo
659 1405 937 1458 commensa
970 1409 1117 1478 igitur
1158 1425 1375 1459 OMNIA
1410 1424 1615 1459 suMMA
1651 1424 1883 1458 RATioN
1903 1424 1934 1458 E

496 1496 709 1539 GESTA,
761 1495 1041 1529 ToRTuNA
1093 1495 1423 1540 sEcQuTuR.
1500 1480 1557 1528 In
1586 1474 1681 1545 qua
1715 1475 1840 1527 dum
1862 1478 1934 1527 Te

494 1549 712 1618 primum
737 1546 1167 1616 conspiciebamus,
1228 1546 1342 1597 uam
1362 1545 1564 1616 gloriosa
1586 1544 1726 1596 simul
1759 1564 1931 1596 eorum

497 1618 726 1668 omnium
741 1652 756 1678 ‚
775 1635 878 1686 qua:
905 1614 1099 1668 feliciter
1120 1565 1251 1684 egisti
1268 1652 1281 1677 ,
1307 1615 1551 1667 mentibus
1569 1612 1740 1666 nostris
1766 1617 1932 1682 imago

498 1686 866 1738 obversabatur?
899 1684 1326 1756 quantumcunque
1359 1686 1515 1754 gratiae
1532 1719 1546 1745 ,
1571 1684 1750 1744 meriti,
1772 1683 1932 1753 gloriae

498 1760 550 1808 in
572 1759 640 1807 Te
664 1753 928 1807 refulserat:
952 1753 1003 1805 id
1024 1773 1175 1807 omne
1199 1752 1443 1816 nostrum,
1471 1757 1518 1806 &
1541 1772 1630 1804 nos
1660 1770 1828 1804 ornare
1857 1752 1932 1802 lae-

497 1828 733 1878 tabamur.
799 1823 1060 1893 Quidquid
1091 1843 1220 1874 nunc
1247 1823 1551 1892 gratitudinis
1579 1839 1653 1873 tot
1685 1822 1783 1873 aliae
1821 1826 1934 1874 Pro-

496 1896 665 1948 vinciae
685 1894 798 1944 Tibi
819 1893 1035 1961 obligatae
1057 1892 1190 1954 sunt,
1225 1893 1276 1944 id
1305 1891 1502 1964 quoque
1530 1892 1812 1945 debitorum
1844 1911 1935 1944 no-

498 1966 568 2017 bis
591 1967 640 2015 in
665 1982 926 2014 commune
949 1964 1135 2013 Tecum
1156 1961 1475 2014 vindicamus,
1549 1960 1733 2012 Verum
1757 1980 1845 2031 pro
1857 1980 1933 2023 ΕΟ,

496 2033 629 2106 quod
652 2049 840 2104 propter
860 2035 928 2083 Te
947 2032 1149 2103 quidem
1180 2035 1347 2083 onmia
1380 2034 1520 2084 nobis
1549 2030 1755 2092 debent,
1783 2031 1934 2086 nihil,

498 2105 648 2176 quam
669 2106 737 2154 Te
756 2100 1057 2172 deposcimus
1078 2138 1092 2163 ‚
1147 2105 1198 2152 in
1227 2121 1328 2173 quo
1349 2103 1488 2154 nobis
1519 2102 1689 2153 onmia
1706 2100 1787 2152 fita
1811 2100 1932 2153 sunt.

499 2176 666 2226 onmia
686 2171 889 2242 proinde
913 2170 1122 2225 solvent,
1154 2171 1355 2242 quando
1383 2174 1453 2223 Te
1488 2171 1643 2224 solum
1659 2212 1672 2230 ,
1712 2170 1934 2236 (utinam

500 2242 649 2315 quam
670 2239 911 2312 proxime!
936 2243 956 2307 )
993 2239 1256 2293 restituent.
1328 2245 1386 2294 Et
1425 2261 1704 2314 quanquam
1739 2241 1863 2293 nihil
1907 2240 1934 2293 a

499 2312 704 2386 pristinis
728 2312 945 2364 moribus
968 2328 1211 2364 mutatum
1238 2314 1504 2383 Principem
1529 2313 1767 2383 recepturi,
1795 2314 1935 2364 novis

500 2402 662 2436 tamen
682 2382 865 2453 gaudiis
890 2383 948 2433 ab
972 2381 1199 2434 hactenus
1221 2381 1372 2434 dilato
1395 2383 1581 2454 aspe&u
1601 2383 1761 2434 cunffl
1798 2400 1934 2433 com-

501 2453 800 2526 plaudemus.
871 2455 995 2503 Tam
1018 2451 1205 2523 aequalis
1231 2452 1288 2503 ab
1309 2453 1521 2506 adventu
1542 2470 1628 2505 tuo
1648 2451 1808 2503 laetitia
1826 2470 1932 2520 per.

501 2526 722 2595 cipietur,
747 2520 897 2592 quam
916 2522 1145 2574 omnibus
1165 2524 1339 2575 venies.
1410 2526 1550 2576 Tunc
1573 2522 1781 2592 denique
1802 2521 1934 2573 Salis-

502 2601 712 2663 burgum
733 2591 993 2644 Ratisbona
1006 2628 1021 2654 ,
1044 2593 1132 2643 illis
1152 2595 1356 2662 negotiis
1376 2592 1531 2646 nostra
1543 2611 1556 2652 3
1579 2610 1692 2644 tunc
1712 2592 1788 2652 iis,
1810 2609 1933 2662 quos

504 2667 613 2719 alibi
635 2662 818 2724 amasti,
851 2667 899 2715 ὃς
929 2661 1172 2734 quidquid
1210 2664 1382 2716 laboris
1411 2680 1491 2714 aut
1524 2662 1809 2714 liberalitatis
1840 2663 1934 2714 im-

503 2732 732 2810 pendisti5
786 2749 903 2784 tunc
930 2749 1036 2784 toto
1065 2735 1274 2801 Imperio
1285 2769 1299 2795 ,
1356 2732 1554 2803 quando
1572 2732 1812 2792 rediveris,
1845 2751 1932 2784 nos

1725 2818 1932 2872 potiores
