<?xml version="1.0" encoding="UTF-8"?>
<!DOCTYPE html PUBLIC "-//W3C//DTD XHTML 1.0 Transitional//EN"
    "http://www.w3.org/TR/xhtml1/DTD/xhtml1-transitional.dtd">
<html xmlns="http://www.w3.org/1999/xhtml" xml:lang="en" lang="en">
 <head>
  <title>
</title>
<meta http-equiv="Content-Type" content="text/html;charset=utf-8" />
  <meta name='ocr-system' content='tesseract 3.04.00' />
  <meta name='ocr-capabilities' content='ocr_page ocr_carea ocr_par ocr_line ocrx_word'/>
</head>
<body>
  <div class='ocr_page' id='page_1' title='image "./gratulatiopanegy00gill_0025.png"; bbox 0 0 2118 3455; ppageno 0'>
   <div class='ocr_carea' id='block_1_1' title="bbox 188 312 1651 675">
    <p class='ocr_par' dir='ltr' id='par_1_1' title="bbox 188 312 1651 675">
     <span class='ocr_line' id='line_1_1' title="bbox 193 312 1650 393; baseline -0.005 -19"><span class='ocrx_word' id='word_1_1' title='bbox 193 319 450 393; x_wconf 85' lang='lat' dir='ltr'>specimen,</span> <span class='ocrx_word' id='word_1_2' title='bbox 463 317 552 368; x_wconf 83' lang='lat' dir='ltr'>tria</span> <span class='ocrx_word' id='word_1_3' title='bbox 577 317 727 389; x_wconf 84' lang='lat' dir='ltr'>capita</span> <span class='ocrx_word' id='word_1_4' title='bbox 749 312 927 366; x_wconf 89' lang='lat' dir='ltr'>eodem</span> <span class='ocrx_word' id='word_1_5' title='bbox 952 330 1055 364; x_wconf 91' lang='lat' dir='ltr'>non</span> <span class='ocrx_word' id='word_1_6' title='bbox 1079 313 1271 378; x_wconf 81' lang='lat' dir='ltr'>saeculo,</span> <span class='ocrx_word' id='word_1_7' title='bbox 1298 316 1377 370; x_wconf 82' lang='lat' dir='ltr'>sed</span> <span class='ocrx_word' id='word_1_8' title='bbox 1403 339 1559 388; x_wconf 78' lang='lat' dir='ltr'>anno,</span> <span class='ocrx_word' id='word_1_9' title='bbox 1584 326 1650 378; x_wconf 51' lang='lat' dir='ltr'>stff.</span> 
     </span>
     <span class='ocr_line' id='line_1_2' title="bbox 188 381 1651 465; baseline 0 -23"><span class='ocrx_word' id='word_1_10' title='bbox 188 408 320 463; x_wconf 85' lang='lat' dir='ltr'>ptem</span> <span class='ocrx_word' id='word_1_11' title='bbox 343 389 593 460; x_wconf 81' lang='lat' dir='ltr'>praecipuas</span> <span class='ocrx_word' id='word_1_12' title='bbox 629 383 801 457; x_wconf 86' lang='lat' dir='ltr'>gestare</span> <span class='ocrx_word' id='word_1_13' title='bbox 836 381 1041 445; x_wconf 79' lang='lat' dir='ltr'>Insulas,</span> <span class='ocrx_word' id='word_1_14' title='bbox 1066 401 1207 457; x_wconf 87' lang='lat' dir='ltr'>atque</span> <span class='ocrx_word' id='word_1_15' title='bbox 1230 406 1286 440; x_wconf 85' lang='lat' dir='ltr'>ex</span> <span class='ocrx_word' id='word_1_16' title='bbox 1308 387 1435 442; x_wconf 89' lang='lat' dir='ltr'>ostro</span> <span class='ocrx_word' id='word_1_17' title='bbox 1460 394 1651 465; x_wconf 80' lang='lat' dir='ltr'>insuper</span> 
     </span>
     <span class='ocr_line' id='line_1_3' title="bbox 190 455 1650 532; baseline -0.001 -21"><span class='ocrx_word' id='word_1_18' title='bbox 190 460 419 530; x_wconf 77' lang='lat' dir='ltr'>galerum.</span> <span class='ocrx_word' id='word_1_19' title='bbox 496 458 693 532; x_wconf 71' lang='lat' dir='ltr'>Quanta</span> <span class='ocrx_word' id='word_1_20' title='bbox 716 455 911 525; x_wconf 81' lang='lat' dir='ltr'>Capita!</span> <span class='ocrx_word' id='word_1_21' title='bbox 947 471 1054 524; x_wconf 86' lang='lat' dir='ltr'>quae</span> <span class='ocrx_word' id='word_1_22' title='bbox 1088 455 1279 526; x_wconf 81' lang='lat' dir='ltr'>singulis</span> <span class='ocrx_word' id='word_1_23' title='bbox 1314 462 1454 512; x_wconf 84' lang='lat' dir='ltr'>tantis</span> <span class='ocrx_word' id='word_1_24' title='bbox 1493 467 1650 518; x_wconf 74' lang='lat' dir='ltr'>mitris</span> 
     </span>
     <span class='ocr_line' id='line_1_4' title="bbox 191 521 1650 601; baseline -0.002 -20"><span class='ocrx_word' id='word_1_25' title='bbox 191 526 519 582; x_wconf 76' lang='lat' dir='ltr'>decentiffime</span> <span class='ocrx_word' id='word_1_26' title='bbox 540 521 744 598; x_wconf 76' lang='lat' dir='ltr'>quidem</span> <span class='ocrx_word' id='word_1_27' title='bbox 759 560 774 586; x_wconf 89' lang='lat'><em>‚</em></span> <span class='ocrx_word' id='word_1_28' title='bbox 809 521 1020 574; x_wconf 86' lang='lat' dir='ltr'><strong>necdum</strong></span> <span class='ocrx_word' id='word_1_29' title='bbox 1043 523 1148 576; x_wconf 86' lang='lat' dir='ltr'>satis</span> <span class='ocrx_word' id='word_1_30' title='bbox 1171 543 1335 581; x_wconf 90' lang='lat' dir='ltr'>tamen</span> <span class='ocrx_word' id='word_1_31' title='bbox 1358 529 1530 601; x_wconf 52' lang='lat' dir='ltr'>digne,</span> <span class='ocrx_word' id='word_1_32' title='bbox 1566 553 1650 588; x_wconf 70' lang='lat' dir='ltr'>aut</span> 
     </span>
     <span class='ocr_line' id='line_1_5' title="bbox 189 594 1647 675; baseline 0.004 -24"><span class='ocrx_word' id='word_1_33' title='bbox 189 600 471 675; x_wconf 84' lang='lat' dir='ltr'>promeritis</span> <span class='ocrx_word' id='word_1_34' title='bbox 496 610 728 648; x_wconf 88' lang='lat' dir='ltr'>ornentur</span> <span class='ocrx_word' id='word_1_35' title='bbox 751 611 764 652; x_wconf 82' lang='lat'>3</span> <span class='ocrx_word' id='word_1_36' title='bbox 821 611 908 663; x_wconf 91' lang='lat' dir='ltr'>pro</span> <span class='ocrx_word' id='word_1_37' title='bbox 934 594 1143 664; x_wconf 82' lang='lat' dir='ltr'>ingenii,</span> <span class='ocrx_word' id='word_1_38' title='bbox 1167 597 1531 673; x_wconf 81' lang='lat' dir='ltr'>prudentiaeque</span> <span class='ocrx_word' id='word_1_39' title='bbox 1545 624 1647 657; x_wconf 84' lang='lat' dir='ltr'>ma-</span> 
     </span>
    </p>
   </div>
   <div class='ocr_carea' id='block_1_2' title="bbox 185 665 1731 805">
    <p class='ocr_par' dir='ltr' id='par_1_2' title="bbox 185 665 1731 805">
     <span class='ocr_line' id='line_1_6' title="bbox 185 665 1131 744; baseline -0.015 -22"><span class='ocrx_word' id='word_1_40' title='bbox 185 668 443 741; x_wconf 78' lang='lat' dir='ltr'>gnitudine</span> <span class='ocrx_word' id='word_1_41' title='bbox 471 684 572 717; x_wconf 88' lang='lat' dir='ltr'>non</span> <span class='ocrx_word' id='word_1_42' title='bbox 595 665 979 734; x_wconf 55' lang='lat' dir='ltr'>opprimantun..</span> <span class='ocrx_word' id='word_1_43' title='bbox 1123 736 1131 744; x_wconf 38' lang='lat'><strong>·</strong></span> 
     </span>
     <span class='ocr_line' id='line_1_7' title="bbox 296 731 1731 805; baseline -0.001 -16"><span class='ocrx_word' id='word_1_44' title='bbox 296 741 450 790; x_wconf 88' lang='lat' dir='ltr'>Suum</span> <span class='ocrx_word' id='word_1_45' title='bbox 486 736 660 805; x_wconf 89' lang='lat' dir='ltr'>cuique</span> <span class='ocrx_word' id='word_1_46' title='bbox 695 732 904 785; x_wconf 85' lang='lat' dir='ltr'>siderum</span> <span class='ocrx_word' id='word_1_47' title='bbox 938 731 1081 786; x_wconf 91' lang='lat' dir='ltr'>decus</span> <span class='ocrx_word' id='word_1_48' title='bbox 1118 734 1239 789; x_wconf 87' lang='lat' dir='ltr'>mest</span> <span class='ocrx_word' id='word_1_49' title='bbox 1274 760 1286 790; x_wconf 90' lang='lat'>:</span> <span class='ocrx_word' id='word_1_50' title='bbox 1342 759 1430 792; x_wconf 92' lang='lat' dir='ltr'>nec</span> <span class='ocrx_word' id='word_1_51' title='bbox 1462 742 1731 796; x_wconf 78' lang='lat' dir='ltr'>vilioraIII.</span> 
     </span>
    </p>
   </div>
   <div class='ocr_carea' id='block_1_3' title="bbox 159 802 1639 2890">
    <p class='ocr_par' dir='ltr' id='par_1_3' title="bbox 159 802 1639 2890">
     <span class='ocr_line' id='line_1_8' title="bbox 186 802 1638 879; baseline 0.006 -22"><span class='ocrx_word' id='word_1_52' title='bbox 186 806 295 858; x_wconf 86' lang='lat' dir='ltr'>sunt</span> <span class='ocrx_word' id='word_1_53' title='bbox 311 843 323 867; x_wconf 87' lang='lat'><em>,</em></span> <span class='ocrx_word' id='word_1_54' title='bbox 361 822 603 877; x_wconf 88' lang='lat' dir='ltr'>quantum</span> <span class='ocrx_word' id='word_1_55' title='bbox 629 802 787 873; x_wconf 89' lang='lat' dir='ltr'>aliqua</span> <span class='ocrx_word' id='word_1_56' title='bbox 811 821 914 854; x_wconf 92' lang='lat' dir='ltr'>non</span> <span class='ocrx_word' id='word_1_57' title='bbox 937 805 1159 857; x_wconf 86' lang='lat' dir='ltr'><strong>emicant.</strong></span> <span class='ocrx_word' id='word_1_58' title='bbox 1231 805 1310 859; x_wconf 87' lang='lat' dir='ltr'>Sol</span> <span class='ocrx_word' id='word_1_59' title='bbox 1333 810 1429 879; x_wconf 90' lang='lat' dir='ltr'>ipse</span> <span class='ocrx_word' id='word_1_60' title='bbox 1455 814 1638 866; x_wconf 84' lang='lat' dir='ltr'>utiliori</span> 
     </span>
     <span class='ocr_line' id='line_1_9' title="bbox 186 873 1635 944; baseline 0.008 -19"><span class='ocrx_word' id='word_1_61' title='bbox 186 877 387 927; x_wconf 86' lang='lat' dir='ltr'>luminis</span> <span class='ocrx_word' id='word_1_62' title='bbox 411 874 592 935; x_wconf 57' lang='lat' dir='ltr'>fructu,</span> <span class='ocrx_word' id='word_1_63' title='bbox 609 891 710 924; x_wconf 89' lang='lat' dir='ltr'>non</span> <span class='ocrx_word' id='word_1_64' title='bbox 734 874 852 923; x_wconf 89' lang='lat' dir='ltr'>item</span> <span class='ocrx_word' id='word_1_65' title='bbox 879 873 1068 924; x_wconf 88' lang='lat' dir='ltr'>meliori</span> <span class='ocrx_word' id='word_1_66' title='bbox 1091 876 1277 944; x_wconf 85' lang='lat' dir='ltr'>origine</span> <span class='ocrx_word' id='word_1_67' title='bbox 1290 879 1484 933; x_wconf 83' lang='lat' dir='ltr'>constat.</span> <span class='ocrx_word' id='word_1_68' title='bbox 1509 885 1635 936; x_wconf 77' lang='lat' dir='ltr'>Tan-</span> 
     </span>
     <span class='ocr_line' id='line_1_10' title="bbox 185 941 1638 1014; baseline 0.003 -19"><span class='ocrx_word' id='word_1_69' title='bbox 185 961 261 996; x_wconf 89' lang='lat' dir='ltr'>tus</span> <span class='ocrx_word' id='word_1_70' title='bbox 287 945 352 995; x_wconf 87' lang='lat' dir='ltr'>illi</span> <span class='ocrx_word' id='word_1_71' title='bbox 376 943 554 1014; x_wconf 90' lang='lat' dir='ltr'>reliqua</span> <span class='ocrx_word' id='word_1_72' title='bbox 578 945 700 993; x_wconf 88' lang='lat' dir='ltr'>inter</span> <span class='ocrx_word' id='word_1_73' title='bbox 721 941 869 993; x_wconf 79' lang='lat' dir='ltr'>sidera</span> <span class='ocrx_word' id='word_1_74' title='bbox 892 941 1115 1011; x_wconf 87' lang='lat' dir='ltr'>splendor</span> <span class='ocrx_word' id='word_1_75' title='bbox 1138 948 1376 1010; x_wconf 82' lang='lat' dir='ltr'>exoritur,</span> <span class='ocrx_word' id='word_1_76' title='bbox 1409 967 1465 1002; x_wconf 87' lang='lat' dir='ltr'>ut</span> <span class='ocrx_word' id='word_1_77' title='bbox 1489 953 1638 1006; x_wconf 86' lang='lat' dir='ltr'>collu-</span> 
     </span>
     <span class='ocr_line' id='line_1_11' title="bbox 185 1010 1638 1093; baseline 0.008 -28"><span class='ocrx_word' id='word_1_78' title='bbox 185 1033 286 1065; x_wconf 90' lang='lat' dir='ltr'>cere</span> <span class='ocrx_word' id='word_1_79' title='bbox 310 1033 412 1065; x_wconf 92' lang='lat' dir='ltr'>non</span> <span class='ocrx_word' id='word_1_80' title='bbox 435 1010 628 1084; x_wconf 78' lang='lat' dir='ltr'>possint,</span> <span class='ocrx_word' id='word_1_81' title='bbox 648 1029 928 1084; x_wconf 84' lang='lat' dir='ltr'>quanquam</span> <span class='ocrx_word' id='word_1_82' title='bbox 943 1010 1164 1065; x_wconf 87' lang='lat' dir='ltr'>&amp;fidera.</span> <span class='ocrx_word' id='word_1_83' title='bbox 1189 1015 1406 1089; x_wconf 81' lang='lat' dir='ltr'>adeoque</span> <span class='ocrx_word' id='word_1_84' title='bbox 1418 1021 1638 1093; x_wconf 67' lang='lat' dir='ltr'>Solquafi</span> 
     </span>
     <span class='ocr_line' id='line_1_12' title="bbox 184 1083 1639 1147; baseline 0.005 -12"><span class='ocrx_word' id='word_1_85' title='bbox 184 1083 310 1135; x_wconf 86' lang='lat' dir='ltr'>solus</span> <span class='ocrx_word' id='word_1_86' title='bbox 333 1104 388 1136; x_wconf 80' lang='lat' dir='ltr'>ex</span> <span class='ocrx_word' id='word_1_87' title='bbox 413 1084 679 1134; x_wconf 86' lang='lat' dir='ltr'>innumeris</span> <span class='ocrx_word' id='word_1_88' title='bbox 712 1083 844 1135; x_wconf 81' lang='lat' dir='ltr'>Coeli</span> <span class='ocrx_word' id='word_1_89' title='bbox 879 1085 1186 1135; x_wconf 85' lang='lat' dir='ltr'>ornamentis.</span> <span class='ocrx_word' id='word_1_90' title='bbox 1271 1087 1501 1143; x_wconf 85' lang='lat' dir='ltr'>Admitte</span> <span class='ocrx_word' id='word_1_91' title='bbox 1524 1094 1639 1147; x_wconf 82' lang='lat' dir='ltr'>Cle.</span> 
     </span>
     <span class='ocr_line' id='line_1_13' title="bbox 184 1151 1636 1232; baseline 0.008 -28"><span class='ocrx_word' id='word_1_92' title='bbox 184 1155 628 1222; x_wconf 66' lang='lat' dir='ltr'>ment.¹¹¹‘Princeps‚</span> <span class='ocrx_word' id='word_1_93' title='bbox 652 1151 685 1203; x_wconf 84' lang='lat' dir='ltr'>fi</span> <span class='ocrx_word' id='word_1_94' title='bbox 698 1153 768 1202; x_wconf 88' lang='lat' dir='ltr'>Te</span> <span class='ocrx_word' id='word_1_95' title='bbox 792 1152 916 1203; x_wconf 90' lang='lat' dir='ltr'>inter</span> <span class='ocrx_word' id='word_1_96' title='bbox 937 1169 1135 1222; x_wconf 83' lang='lat' dir='ltr'>cognata</span> <span class='ocrx_word' id='word_1_97' title='bbox 1156 1170 1237 1206; x_wconf 82' lang='lat' dir='ltr'>tua</span> <span class='ocrx_word' id='word_1_98' title='bbox 1260 1156 1423 1219; x_wconf 82' lang='lat' dir='ltr'>Astra,</span> <span class='ocrx_word' id='word_1_99' title='bbox 1459 1163 1636 1232; x_wconf 87' lang='lat' dir='ltr'>quidni</span> 
     </span>
     <span class='ocr_line' id='line_1_14' title="bbox 182 1221 1635 1300; baseline 0.01 -27"><span class='ocrx_word' id='word_1_100' title='bbox 182 1226 315 1274; x_wconf 87' lang='lat' dir='ltr'>enim</span> <span class='ocrx_word' id='word_1_101' title='bbox 352 1221 495 1275; x_wconf 84' lang='lat' dir='ltr'>astra?</span> <span class='ocrx_word' id='word_1_102' title='bbox 526 1222 587 1274; x_wconf 86' lang='lat' dir='ltr'>fic</span> <span class='ocrx_word' id='word_1_103' title='bbox 622 1240 826 1292; x_wconf 84' lang='lat' dir='ltr'>magna,</span> <span class='ocrx_word' id='word_1_104' title='bbox 861 1221 922 1272; x_wconf 88' lang='lat' dir='ltr'>fic</span> <span class='ocrx_word' id='word_1_105' title='bbox 955 1221 1205 1284; x_wconf 86' lang='lat' dir='ltr'>sublimia,</span> <span class='ocrx_word' id='word_1_106' title='bbox 1243 1225 1303 1278; x_wconf 85' lang='lat' dir='ltr'>fic</span> <span class='ocrx_word' id='word_1_107' title='bbox 1326 1227 1526 1300; x_wconf 84' lang='lat' dir='ltr'>fulgida.</span> <span class='ocrx_word' id='word_1_108' title='bbox 1599 1234 1635 1287; x_wconf 83' lang='lat' dir='ltr'>fi</span> 
     </span>
     <span class='ocr_line' id='line_1_15' title="bbox 183 1290 1632 1363; baseline 0.009 -20"><span class='ocrx_word' id='word_1_109' title='bbox 183 1295 253 1344; x_wconf 89' lang='lat' dir='ltr'>Te</span> <span class='ocrx_word' id='word_1_110' title='bbox 278 1292 427 1344; x_wconf 84' lang='lat' dir='ltr'>solem</span> <span class='ocrx_word' id='word_1_111' title='bbox 457 1329 471 1353; x_wconf 86' lang='lat'>‚</span> <span class='ocrx_word' id='word_1_112' title='bbox 522 1290 775 1363; x_wconf 73' lang='lat' dir='ltr'>solumque</span> <span class='ocrx_word' id='word_1_113' title='bbox 816 1293 939 1343; x_wconf 91' lang='lat' dir='ltr'>inter</span> <span class='ocrx_word' id='word_1_114' title='bbox 974 1291 1051 1343; x_wconf 79' lang='lat' dir='ltr'>illa</span> <span class='ocrx_word' id='word_1_115' title='bbox 1084 1292 1379 1363; x_wconf 82' lang='lat' dir='ltr'>suspicimus.</span> <span class='ocrx_word' id='word_1_116' title='bbox 1482 1302 1632 1355; x_wconf 89' lang='lat' dir='ltr'>Stellis</span> 
     </span>
     <span class='ocr_line' id='line_1_16' title="bbox 179 1359 1632 1441; baseline 0.008 -29"><span class='ocrx_word' id='word_1_117' title='bbox 179 1362 309 1412; x_wconf 87' lang='lat' dir='ltr'>nulla</span> <span class='ocrx_word' id='word_1_118' title='bbox 346 1361 520 1427; x_wconf 88' lang='lat' dir='ltr'>injuria</span> <span class='ocrx_word' id='word_1_119' title='bbox 543 1359 634 1423; x_wconf 88' lang='lat' dir='ltr'>est,</span> <span class='ocrx_word' id='word_1_120' title='bbox 670 1362 859 1431; x_wconf 76' lang='lat' dir='ltr'>paribus</span> <span class='ocrx_word' id='word_1_121' title='bbox 884 1380 997 1412; x_wconf 88' lang='lat' dir='ltr'>cum</span> <span class='ocrx_word' id='word_1_122' title='bbox 1020 1361 1114 1414; x_wconf 86' lang='lat' dir='ltr'>sole</span> <span class='ocrx_word' id='word_1_123' title='bbox 1137 1363 1279 1416; x_wconf 81' lang='lat' dir='ltr'>radiis</span> <span class='ocrx_word' id='word_1_124' title='bbox 1305 1386 1407 1419; x_wconf 91' lang='lat' dir='ltr'>non</span> <span class='ocrx_word' id='word_1_125' title='bbox 1434 1368 1632 1441; x_wconf 83' lang='lat' dir='ltr'>fulgere.</span> 
     </span>
     <span class='ocr_line' id='line_1_17' title="bbox 214 1429 1629 1511; baseline 0.009 -30"><span class='ocrx_word' id='word_1_126' title='bbox 214 1433 285 1482; x_wconf 88' lang='lat' dir='ltr'>uis</span> <span class='ocrx_word' id='word_1_127' title='bbox 308 1434 439 1482; x_wconf 90' lang='lat' dir='ltr'>enim</span> <span class='ocrx_word' id='word_1_128' title='bbox 465 1431 593 1481; x_wconf 87' lang='lat' dir='ltr'>orbis</span> <span class='ocrx_word' id='word_1_129' title='bbox 617 1446 690 1480; x_wconf 90' lang='lat' dir='ltr'>tot</span> <span class='ocrx_word' id='word_1_130' title='bbox 713 1429 924 1482; x_wconf 85' lang='lat' dir='ltr'>Phoebea</span> <span class='ocrx_word' id='word_1_131' title='bbox 946 1429 1088 1483; x_wconf 88' lang='lat' dir='ltr'>ferret</span> <span class='ocrx_word' id='word_1_132' title='bbox 1110 1434 1362 1488; x_wconf 82' lang='lat' dir='ltr'>incendia?</span> <span class='ocrx_word' id='word_1_133' title='bbox 1385 1440 1560 1511; x_wconf 88' lang='lat' dir='ltr'>Neque</span> <span class='ocrx_word' id='word_1_134' title='bbox 1581 1462 1629 1493; x_wconf 82' lang='lat' dir='ltr'>a-</span> 
     </span>
     <span class='ocr_line' id='line_1_18' title="bbox 178 1449 1628 1570; baseline 0.008 -17"><span class='ocrx_word' id='word_1_135' title='bbox 178 1449 386 1553; x_wconf 46' lang='lat' dir='ltr'>grorum</span> <span class='ocrx_word' id='word_1_136' title='bbox 409 1499 550 1550; x_wconf 87' lang='lat' dir='ltr'>decus</span> <span class='ocrx_word' id='word_1_137' title='bbox 572 1499 647 1549; x_wconf 89' lang='lat' dir='ltr'>ille</span> <span class='ocrx_word' id='word_1_138' title='bbox 673 1500 956 1559; x_wconf 85' lang='lat' dir='ltr'>imminuit,</span> <span class='ocrx_word' id='word_1_139' title='bbox 981 1499 1117 1570; x_wconf 79' lang='lat' dir='ltr'>quod</span> <span class='ocrx_word' id='word_1_140' title='bbox 1145 1504 1326 1556; x_wconf 80' lang='lat' dir='ltr'>excellit</span> <span class='ocrx_word' id='word_1_141' title='bbox 1352 1528 1362 1557; x_wconf 92' lang='lat'>:</span> <span class='ocrx_word' id='word_1_142' title='bbox 1389 1510 1454 1558; x_wconf 76' lang='lat' dir='ltr'>ita</span> <span class='ocrx_word' id='word_1_143' title='bbox 1478 1513 1628 1563; x_wconf 81' lang='lat' dir='ltr'>Genti</span> 
     </span>
     <span class='ocr_line' id='line_1_19' title="bbox 179 1565 1627 1650; baseline 0.008 -29"><span class='ocrx_word' id='word_1_144' title='bbox 179 1586 270 1621; x_wconf 73' lang='lat' dir='ltr'>tuae</span> <span class='ocrx_word' id='word_1_145' title='bbox 286 1607 300 1631; x_wconf 84' lang='lat'><em>‚</em></span> <span class='ocrx_word' id='word_1_146' title='bbox 327 1569 597 1640; x_wconf 76' lang='lat' dir='ltr'>quamlibet</span> <span class='ocrx_word' id='word_1_147' title='bbox 619 1565 790 1621; x_wconf 83' lang='lat' dir='ltr'>Illustri</span> <span class='ocrx_word' id='word_1_148' title='bbox 812 1567 936 1619; x_wconf 88' lang='lat' dir='ltr'>nihil</span> <span class='ocrx_word' id='word_1_149' title='bbox 951 1567 1032 1620; x_wconf 65' lang='lat' dir='ltr'>sua</span> <span class='ocrx_word' id='word_1_150' title='bbox 1055 1568 1233 1623; x_wconf 86' lang='lat' dir='ltr'>deluce</span> <span class='ocrx_word' id='word_1_151' title='bbox 1246 1572 1627 1650; x_wconf 83' lang='lat' dir='ltr'>decedit,quan-</span> 
     </span>
     <span class='ocr_line' id='line_1_20' title="bbox 176 1635 1626 1707; baseline 0.005 -16"><span class='ocrx_word' id='word_1_152' title='bbox 176 1639 243 1691; x_wconf 90' lang='lat' dir='ltr'>do</span> <span class='ocrx_word' id='word_1_153' title='bbox 268 1639 482 1690; x_wconf 85' lang='lat' dir='ltr'>accedere</span> <span class='ocrx_word' id='word_1_154' title='bbox 511 1639 625 1691; x_wconf 87' lang='lat' dir='ltr'>Tibi</span> <span class='ocrx_word' id='word_1_155' title='bbox 649 1656 751 1689; x_wconf 92' lang='lat' dir='ltr'>non</span> <span class='ocrx_word' id='word_1_156' title='bbox 781 1635 933 1707; x_wconf 84' lang='lat' dir='ltr'>potest</span> <span class='ocrx_word' id='word_1_157' title='bbox 957 1655 970 1695; x_wconf 81' lang='lat'>5</span> <span class='ocrx_word' id='word_1_158' title='bbox 1005 1642 1053 1692; x_wconf 65' lang='grc' dir='ltr'>ὃς</span> <span class='ocrx_word' id='word_1_159' title='bbox 1080 1642 1192 1691; x_wconf 75' lang='lat' dir='ltr'>cum</span> <span class='ocrx_word' id='word_1_160' title='bbox 1215 1643 1328 1694; x_wconf 89' lang='lat' dir='ltr'>Tibi</span> <span class='ocrx_word' id='word_1_161' title='bbox 1364 1646 1492 1698; x_wconf 87' lang='lat' dir='ltr'>cedit</span> <span class='ocrx_word' id='word_1_162' title='bbox 1526 1649 1626 1702; x_wconf 87' lang='lat' dir='ltr'>soli.</span> 
     </span>
     <span class='ocr_line' id='line_1_21' title="bbox 177 1705 1624 1776; baseline 0.001 -17"><span class='ocrx_word' id='word_1_163' title='bbox 177 1709 356 1760; x_wconf 81' lang='lat' dir='ltr'>Nihilo</span> <span class='ocrx_word' id='word_1_164' title='bbox 376 1710 471 1762; x_wconf 89' lang='lat' dir='ltr'>Tui</span> <span class='ocrx_word' id='word_1_165' title='bbox 508 1706 668 1759; x_wconf 76' lang='lat' dir='ltr'>minus</span> <span class='ocrx_word' id='word_1_166' title='bbox 702 1722 949 1768; x_wconf 80' lang='lat' dir='ltr'>eminent,</span> <span class='ocrx_word' id='word_1_167' title='bbox 972 1705 1107 1776; x_wconf 82' lang='lat' dir='ltr'>quod</span> <span class='ocrx_word' id='word_1_168' title='bbox 1129 1711 1207 1762; x_wconf 90' lang='lat' dir='ltr'>Tu</span> <span class='ocrx_word' id='word_1_169' title='bbox 1229 1730 1276 1765; x_wconf 90' lang='lat' dir='ltr'>es</span> <span class='ocrx_word' id='word_1_170' title='bbox 1299 1716 1624 1773; x_wconf 72' lang='lat' dir='ltr'>Eminentiffi„</span> 
     </span>
     <span class='ocr_line' id='line_1_22' title="bbox 178 1776 1621 1847; baseline 0.009 -18"><span class='ocrx_word' id='word_1_171' title='bbox 178 1799 300 1830; x_wconf 79' lang='lat' dir='ltr'>muS.</span> <span class='ocrx_word' id='word_1_172' title='bbox 328 1778 447 1830; x_wconf 90' lang='lat' dir='ltr'>Inde</span> <span class='ocrx_word' id='word_1_173' title='bbox 462 1780 608 1829; x_wconf 89' lang='lat' dir='ltr'>etiam</span> <span class='ocrx_word' id='word_1_174' title='bbox 633 1776 728 1827; x_wconf 87' lang='lat' dir='ltr'>sole</span> <span class='ocrx_word' id='word_1_175' title='bbox 748 1777 919 1837; x_wconf 83' lang='lat' dir='ltr'>maior,</span> <span class='ocrx_word' id='word_1_176' title='bbox 933 1778 1047 1847; x_wconf 83' lang='lat' dir='ltr'>quia</span> <span class='ocrx_word' id='word_1_177' title='bbox 1070 1794 1252 1830; x_wconf 79' lang='lat' dir='ltr'>caeteras</span> <span class='ocrx_word' id='word_1_178' title='bbox 1275 1779 1396 1835; x_wconf 86' lang='lat' dir='ltr'>faces</span> <span class='ocrx_word' id='word_1_179' title='bbox 1416 1805 1518 1839; x_wconf 92' lang='lat' dir='ltr'>non</span> <span class='ocrx_word' id='word_1_180' title='bbox 1543 1809 1621 1842; x_wconf 83' lang='lat' dir='ltr'>ex-</span> 
     </span>
     <span class='ocr_line' id='line_1_23' title="bbox 171 1846 1622 1922; baseline 0.009 -24"><span class='ocrx_word' id='word_1_181' title='bbox 171 1851 348 1919; x_wconf 82' lang='lat' dir='ltr'>tinguis</span> <span class='ocrx_word' id='word_1_182' title='bbox 371 1866 384 1906; x_wconf 82' lang='lat'>5</span> <span class='ocrx_word' id='word_1_183' title='bbox 419 1851 466 1902; x_wconf 61' lang='grc' dir='ltr'>ὃς</span> <span class='ocrx_word' id='word_1_184' title='bbox 493 1846 604 1898; x_wconf 83' lang='lat' dir='ltr'>facis</span> <span class='ocrx_word' id='word_1_185' title='bbox 627 1865 853 1916; x_wconf 84' lang='lat' dir='ltr'>apparere.</span> <span class='ocrx_word' id='word_1_186' title='bbox 878 1848 999 1917; x_wconf 90' lang='lat' dir='ltr'>quin</span> <span class='ocrx_word' id='word_1_187' title='bbox 1030 1862 1166 1898; x_wconf 89' lang='lat' dir='ltr'>tanto</span> <span class='ocrx_word' id='word_1_188' title='bbox 1190 1848 1465 1922; x_wconf 79' lang='lat' dir='ltr'>singularius</span> <span class='ocrx_word' id='word_1_189' title='bbox 1496 1858 1622 1911; x_wconf 87' lang='lat' dir='ltr'>dilu-</span> 
     </span>
     <span class='ocr_line' id='line_1_24' title="bbox 171 1917 1619 1992; baseline 0.008 -23"><span class='ocrx_word' id='word_1_190' title='bbox 171 1936 303 1979; x_wconf 85' lang='lat' dir='ltr'>cent‚</span> <span class='ocrx_word' id='word_1_191' title='bbox 326 1934 508 1989; x_wconf 86' lang='lat' dir='ltr'>quanto</span> <span class='ocrx_word' id='word_1_192' title='bbox 532 1917 645 1969; x_wconf 87' lang='lat' dir='ltr'>Tibi</span> <span class='ocrx_word' id='word_1_193' title='bbox 666 1918 934 1986; x_wconf 84' lang='lat' dir='ltr'>propiores:</span> <span class='ocrx_word' id='word_1_194' title='bbox 959 1919 1262 1986; x_wconf 88' lang='lat' dir='ltr'>propioribus</span> <span class='ocrx_word' id='word_1_195' title='bbox 1284 1941 1386 1974; x_wconf 88' lang='lat' dir='ltr'>non</span> <span class='ocrx_word' id='word_1_196' title='bbox 1407 1927 1619 1992; x_wconf 87' lang='lat' dir='ltr'>invides,</span> 
     </span>
     <span class='ocr_line' id='line_1_25' title="bbox 169 1985 1621 2067; baseline 0.005 -29"><span class='ocrx_word' id='word_1_197' title='bbox 169 1991 282 2059; x_wconf 85' lang='lat' dir='ltr'>quia</span> <span class='ocrx_word' id='word_1_198' title='bbox 303 1988 502 2057; x_wconf 82' lang='lat' dir='ltr'>superas,</span> <span class='ocrx_word' id='word_1_199' title='bbox 526 2003 777 2037; x_wconf 88' lang='lat' dir='ltr'>contentus</span> <span class='ocrx_word' id='word_1_200' title='bbox 799 1985 1057 2055; x_wconf 68' lang='lat' dir='ltr'>praelucere.</span> <span class='ocrx_word' id='word_1_201' title='bbox 1094 1989 1420 2056; x_wconf 81' lang='lat' dir='ltr'>Familiarum,</span> <span class='ocrx_word' id='word_1_202' title='bbox 1445 2015 1550 2067; x_wconf 85' lang='lat' dir='ltr'>quae</span> <span class='ocrx_word' id='word_1_203' title='bbox 1571 2003 1621 2053; x_wconf 68' lang='grc' dir='ltr'>ὃς</span> 
     </span>
     <span class='ocr_line' id='line_1_26' title="bbox 173 2055 1618 2127; baseline 0.012 -23"><span class='ocrx_word' id='word_1_204' title='bbox 173 2060 308 2108; x_wconf 83' lang='lat' dir='ltr'>annis</span> <span class='ocrx_word' id='word_1_205' title='bbox 330 2061 378 2109; x_wconf 59' lang='grc' dir='ltr'>ὃς</span> <span class='ocrx_word' id='word_1_206' title='bbox 399 2057 558 2108; x_wconf 90' lang='lat' dir='ltr'>sobole</span> <span class='ocrx_word' id='word_1_207' title='bbox 581 2055 813 2126; x_wconf 78' lang='lat' dir='ltr'>grandem</span> <span class='ocrx_word' id='word_1_208' title='bbox 837 2058 1162 2127; x_wconf 82' lang='lat' dir='ltr'>innumerum</span> <span class='ocrx_word' id='word_1_209' title='bbox 1185 2059 1386 2125; x_wconf 71' lang='lat' dir='ltr'>crevere,</span> <span class='ocrx_word' id='word_1_210' title='bbox 1417 2067 1499 2118; x_wconf 87' lang='lat' dir='ltr'>vix</span> <span class='ocrx_word' id='word_1_211' title='bbox 1523 2088 1618 2122; x_wconf 84' lang='lat' dir='ltr'>una</span> 
     </span>
     <span class='ocr_line' id='line_1_27' title="bbox 170 2125 1619 2202; baseline 0.01 -25"><span class='ocrx_word' id='word_1_212' title='bbox 170 2146 271 2177; x_wconf 90' lang='lat' dir='ltr'>non</span> <span class='ocrx_word' id='word_1_213' title='bbox 295 2147 451 2178; x_wconf 87' lang='lat' dir='ltr'>unum</span> <span class='ocrx_word' id='word_1_214' title='bbox 471 2125 728 2196; x_wconf 84' lang='lat' dir='ltr'>aliquando</span> <span class='ocrx_word' id='word_1_215' title='bbox 744 2162 757 2179; x_wconf 85' lang='lat'><em>,</em></span> <span class='ocrx_word' id='word_1_216' title='bbox 782 2126 1019 2196; x_wconf 86' lang='lat' dir='ltr'>rariusque</span> <span class='ocrx_word' id='word_1_217' title='bbox 1030 2125 1190 2178; x_wconf 85' lang='lat' dir='ltr'>tulerit</span> <span class='ocrx_word' id='word_1_218' title='bbox 1202 2133 1505 2202; x_wconf 82' lang='lat' dir='ltr'>exemplum:</span> <span class='ocrx_word' id='word_1_219' title='bbox 1536 2141 1619 2192; x_wconf 83' lang='lat' dir='ltr'>vix</span> 
     </span>
     <span class='ocr_line' id='line_1_28' title="bbox 169 2195 1613 2270; baseline 0.01 -24"><span class='ocrx_word' id='word_1_220' title='bbox 169 2197 309 2246; x_wconf 78' lang='lat' dir='ltr'>altera</span> <span class='ocrx_word' id='word_1_221' title='bbox 333 2196 498 2247; x_wconf 81' lang='lat' dir='ltr'>simile.</span> <span class='ocrx_word' id='word_1_222' title='bbox 524 2195 772 2246; x_wconf 76' lang='lat' dir='ltr'>Validiora</span> <span class='ocrx_word' id='word_1_223' title='bbox 790 2195 1073 2263; x_wconf 79' lang='lat' dir='ltr'>huicgeneri</span> <span class='ocrx_word' id='word_1_224' title='bbox 1088 2198 1237 2264; x_wconf 88' lang='lat' dir='ltr'>capita</span> <span class='ocrx_word' id='word_1_225' title='bbox 1260 2206 1613 2270; x_wconf 56' lang='lat' dir='ltr'>proveniunt-0</span> 
     </span>
     <span class='ocr_line' id='line_1_29' title="bbox 169 2260 1612 2341; baseline 0.009 -26"><span class='ocrx_word' id='word_1_226' title='bbox 169 2283 309 2336; x_wconf 81' lang='lat' dir='ltr'>atque</span> <span class='ocrx_word' id='word_1_227' title='bbox 335 2264 393 2316; x_wconf 84' lang='lat' dir='ltr'>ad</span> <span class='ocrx_word' id='word_1_228' title='bbox 420 2265 613 2316; x_wconf 86' lang='lat' dir='ltr'>ferenda</span> <span class='ocrx_word' id='word_1_229' title='bbox 635 2265 814 2334; x_wconf 80' lang='lat' dir='ltr'>quaevis</span> <span class='ocrx_word' id='word_1_230' title='bbox 839 2260 1109 2332; x_wconf 80' lang='lat' dir='ltr'>gravissima</span> <span class='ocrx_word' id='word_1_231' title='bbox 1131 2283 1268 2317; x_wconf 86' lang='lat' dir='ltr'>novae</span> <span class='ocrx_word' id='word_1_232' title='bbox 1290 2271 1428 2324; x_wconf 76' lang='lat' dir='ltr'>vires.</span> <span class='ocrx_word' id='word_1_233' title='bbox 1459 2275 1612 2341; x_wconf 85' lang='lat' dir='ltr'>Atlas,</span> 
     </span>
     <span class='ocr_line' id='line_1_30' title="bbox 166 2331 1610 2403; baseline 0.009 -18"><span class='ocrx_word' id='word_1_234' title='bbox 166 2338 421 2387; x_wconf 77' lang='lat' dir='ltr'>Poetarum</span> <span class='ocrx_word' id='word_1_235' title='bbox 446 2334 567 2395; x_wconf 84' lang='lat' dir='ltr'>fide,</span> <span class='ocrx_word' id='word_1_236' title='bbox 592 2350 801 2386; x_wconf 89' lang='lat' dir='ltr'>veterem</span> <span class='ocrx_word' id='word_1_237' title='bbox 826 2331 1022 2403; x_wconf 80' lang='lat' dir='ltr'>gestavit</span> <span class='ocrx_word' id='word_1_238' title='bbox 1041 2334 1211 2386; x_wconf 88' lang='lat' dir='ltr'>orbem</span> <span class='ocrx_word' id='word_1_239' title='bbox 1235 2372 1250 2396; x_wconf 91' lang='lat'><em>‚</em></span> <span class='ocrx_word' id='word_1_240' title='bbox 1272 2336 1350 2390; x_wconf 88' lang='lat' dir='ltr'>sed</span> <span class='ocrx_word' id='word_1_241' title='bbox 1371 2344 1610 2402; x_wconf 62' lang='lat' dir='ltr'>Hercule)</span> 
     </span>
     <span class='ocr_line' id='line_1_31' title="bbox 164 2401 1609 2483; baseline 0.003 -27"><span class='ocrx_word' id='word_1_242' title='bbox 164 2404 458 2457; x_wconf 81' lang='lat' dir='ltr'>succollante.</span> <span class='ocrx_word' id='word_1_243' title='bbox 531 2408 634 2457; x_wconf 85' lang='lat' dir='ltr'>Hac</span> <span class='ocrx_word' id='word_1_244' title='bbox 654 2401 810 2455; x_wconf 63' lang='lat' dir='ltr'>nostra</span> <span class='ocrx_word' id='word_1_245' title='bbox 830 2401 1045 2472; x_wconf 84' lang='lat' dir='ltr'>prodivit</span> <span class='ocrx_word' id='word_1_246' title='bbox 1068 2401 1092 2455; x_wconf 75' lang='lat' dir='ltr'>e</span> <span class='ocrx_word' id='word_1_247' title='bbox 1114 2410 1354 2476; x_wconf 82' lang='lat' dir='ltr'>progenie,</span> <span class='ocrx_word' id='word_1_248' title='bbox 1370 2414 1609 2483; x_wconf 75' lang='lat' dir='ltr'>qui‚post-</span> 
     </span>
     <span class='ocr_line' id='line_1_32' title="bbox 164 2472 1608 2546; baseline 0.008 -19"><span class='ocrx_word' id='word_1_249' title='bbox 164 2494 313 2546; x_wconf 84' lang='lat' dir='ltr'>quam</span> <span class='ocrx_word' id='word_1_250' title='bbox 330 2477 477 2528; x_wconf 88' lang='lat' dir='ltr'>veteri</span> <span class='ocrx_word' id='word_1_251' title='bbox 507 2472 686 2526; x_wconf 79' lang='lat' dir='ltr'>acceffit</span> <span class='ocrx_word' id='word_1_252' title='bbox 706 2492 861 2526; x_wconf 80' lang='lat' dir='ltr'>novus</span> <span class='ocrx_word' id='word_1_253' title='bbox 884 2508 898 2535; x_wconf 84' lang='lat'>‚</span> <span class='ocrx_word' id='word_1_254' title='bbox 932 2475 1222 2529; x_wconf 88' lang='lat' dir='ltr'>tantundem</span> <span class='ocrx_word' id='word_1_255' title='bbox 1244 2479 1385 2532; x_wconf 69' lang='lat' dir='ltr'>aucto</span> <span class='ocrx_word' id='word_1_256' title='bbox 1407 2481 1608 2539; x_wconf 85' lang='lat' dir='ltr'>sufficiat</span> 
     </span>
     <span class='ocr_line' id='line_1_33' title="bbox 162 2541 1605 2615; baseline 0.008 -18"><span class='ocrx_word' id='word_1_257' title='bbox 162 2546 301 2597; x_wconf 72' lang='lat' dir='ltr'>solus.</span> <span class='ocrx_word' id='word_1_258' title='bbox 393 2543 529 2598; x_wconf 71' lang='lat' dir='ltr'>Forte</span> <span class='ocrx_word' id='word_1_259' title='bbox 560 2542 895 2615; x_wconf 80' lang='lat' dir='ltr'>Sigismundus</span> <span class='ocrx_word' id='word_1_260' title='bbox 926 2541 986 2594; x_wconf 91' lang='lat' dir='ltr'>de</span> <span class='ocrx_word' id='word_1_261' title='bbox 1018 2543 1167 2598; x_wconf 91' lang='lat' dir='ltr'>Thun</span> <span class='ocrx_word' id='word_1_262' title='bbox 1203 2549 1253 2598; x_wconf 89' lang='lat' dir='ltr'>in</span> <span class='ocrx_word' id='word_1_263' title='bbox 1287 2565 1426 2603; x_wconf 68' lang='lat' dir='ltr'>tantae</span> <span class='ocrx_word' id='word_1_264' title='bbox 1451 2553 1605 2609; x_wconf 79' lang='lat' dir='ltr'>laudis</span> 
     </span>
     <span class='ocr_line' id='line_1_34' title="bbox 164 2611 1603 2684; baseline 0.006 -18"><span class='ocrx_word' id='word_1_265' title='bbox 164 2615 359 2667; x_wconf 80' lang='lat' dir='ltr'>censum</span> <span class='ocrx_word' id='word_1_266' title='bbox 393 2614 607 2684; x_wconf 71' lang='lat' dir='ltr'>assurgat.</span> <span class='ocrx_word' id='word_1_267' title='bbox 699 2614 780 2666; x_wconf 90' lang='lat' dir='ltr'>Ille</span> <span class='ocrx_word' id='word_1_268' title='bbox 822 2611 1050 2681; x_wconf 88' lang='lat' dir='ltr'>equidem</span> <span class='ocrx_word' id='word_1_269' title='bbox 1099 2614 1313 2671; x_wconf 88' lang='lat' dir='ltr'>duorum</span> <span class='ocrx_word' id='word_1_270' title='bbox 1355 2623 1603 2680; x_wconf 69' lang='lat' dir='ltr'>Caefiirum</span> 
     </span>
     <span class='ocr_line' id='line_1_35' title="bbox 161 2682 1605 2758; baseline 0.008 -20"><span class='ocrx_word' id='word_1_271' title='bbox 161 2689 353 2738; x_wconf 88' lang='lat' dir='ltr'>Orator,</span> <span class='ocrx_word' id='word_1_272' title='bbox 367 2685 566 2758; x_wconf 82' lang='lat' dir='ltr'>quando</span> <span class='ocrx_word' id='word_1_273' title='bbox 591 2683 651 2736; x_wconf 89' lang='lat' dir='ltr'>de</span> <span class='ocrx_word' id='word_1_274' title='bbox 664 2682 759 2736; x_wconf 90' lang='lat' dir='ltr'>fide</span> <span class='ocrx_word' id='word_1_275' title='bbox 773 2682 867 2736; x_wconf 74' lang='lat' dir='ltr'>fere</span> <span class='ocrx_word' id='word_1_276' title='bbox 880 2685 1043 2736; x_wconf 60' lang='lat' dir='ltr'>actum</span> <span class='ocrx_word' id='word_1_277' title='bbox 1068 2704 1181 2749; x_wconf 89' lang='lat' dir='ltr'>erat,</span> <span class='ocrx_word' id='word_1_278' title='bbox 1206 2687 1520 2747; x_wconf 85' lang='lat' dir='ltr'>summiscum</span> <span class='ocrx_word' id='word_1_279' title='bbox 1534 2716 1605 2750; x_wconf 85' lang='lat' dir='ltr'>re-</span> 
     </span>
     <span class='ocr_line' id='line_1_36' title="bbox 159 2754 1602 2878; baseline 0.009 -71"><span class='ocrx_word' id='word_1_280' title='bbox 159 2775 270 2809; x_wconf 90' lang='lat' dir='ltr'>rum</span> <span class='ocrx_word' id='word_1_281' title='bbox 305 2755 538 2810; x_wconf 87' lang='lat' dir='ltr'>sacrarum</span> <span class='ocrx_word' id='word_1_282' title='bbox 567 2756 752 2810; x_wconf 84' lang='lat' dir='ltr'>arbitris</span> <span class='ocrx_word' id='word_1_283' title='bbox 785 2756 1016 2878; x_wconf 66' lang='lat' dir='ltr'>Tridentli3</span> <span class='ocrx_word' id='word_1_284' title='bbox 1026 2754 1273 2829; x_wconf 77' lang='lat' dir='ltr'>satagebat.</span> <span class='ocrx_word' id='word_1_285' title='bbox 1367 2763 1483 2817; x_wconf 90' lang='lat' dir='ltr'>Uno</span> <span class='ocrx_word' id='word_1_286' title='bbox 1504 2766 1602 2820; x_wconf 63' lang='lat' dir='ltr'>fit,</span> 
     </span>
     <span class='ocr_line' id='line_1_37' title="bbox 1445 2853 1601 2890; baseline 0.032 -5"><span class='ocrx_word' id='word_1_287' title='bbox 1445 2853 1601 2890; x_wconf 80' lang='lat' dir='ltr'>malor</span> 
     </span>
    </p>
   </div>
  </div>
 </body>
</html>
