2118 3455
145 310 420 364 mensarum
456 321 572 358 nota
603 307 843 359 virtutum
875 304 1160 362 conscientia
1193 307 1408 366 firmavit
1430 351 1445 377 ‚
1494 327 1589 371 ut.⁴

143 380 410 450 susciperes:
448 373 654 438 suffecit,
693 392 748 428 ut
772 375 1007 449 perferres.

252 452 552 504 Caeterorum
575 448 838 517 primatum
856 465 986 499 curas
1001 484 1017 501 ,
1053 446 1200 500 altero
1221 465 1359 504 tanto
1374 488 1388 514 ‚
1425 472 1477 504 ac
1486 468 1671 524 gra-IX,

139 520 275 573 viore
300 517 511 588 pondere
543 515 778 568 excedunt
812 519 926 569 Tuae
960 539 970 569 :
1006 520 1119 588 quia
1149 520 1393 584 civilibus,
1430 522 1587 595 super-

140 588 262 641 stant
283 589 414 639 s'acrae
430 624 443 649 ‚
467 605 626 657 eaeque
645 585 940 654 amplissimae
956 622 970 647 ‚
995 589 1136 638 tertio
1158 586 1256 654 jam
1279 592 1337 643 ab
1356 610 1589 663 augmen-

139 676 206 711 to.
281 662 368 710 Hae
393 672 610 708 mentem
628 655 832 726 quidem
855 672 991 707 tuam
1010 656 1070 708 fic
1089 675 1321 730 occupant
1335 697 1349 723 ‚
1389 679 1442 714 ut
1458 661 1588 729 juxta

138 746 301 780 tamen
328 724 564 796 capiendis
588 726 791 795 negotiis
818 727 963 777 etiam
986 731 1361 792 communibus,
1394 733 1588 800 angusta

138 817 239 850 non
253 797 308 848 fit
325 818 336 849 :
357 793 650 847 intendenda
670 793 776 846 sane
788 831 802 856 ,
814 811 1054 866 quantum
1066 797 1213 860 valet,
1234 799 1367 851 bono
1377 802 1585 871 publico.

135 870 293 920 Huius
315 865 460 917 causae
485 864 596 933 ergo
613 899 628 925 ,
665 864 977 932 Magnatibus
1012 884 1063 916 ea
1094 870 1305 938 capacior
1333 868 1360 921 a
1390 873 1500 923 Diis
1520 870 1586 926 est

136 938 328 988 inlita).
402 935 636 1002 Qisquis
659 932 1013 984 tantummodo
1032 933 1124 986 suis
1149 936 1355 989 consulit
1374 976 1387 1001 ‚
1439 944 1487 994 &
1506 960 1586 993 cu-

134 1023 203 1057 rat
228 1042 242 1058 ,
272 1019 550 1054 caeterorum
590 1002 821 1053 omnium
859 1002 1101 1072 negligens
1131 1004 1196 1058 est
1216 1043 1231 1068 ‚
1279 1026 1331 1058 ac
1358 1010 1584 1064 incurius.

133 1078 211 1127 Tu
235 1072 429 1144 Imperii
450 1067 811 1123 difficultatibus
831 1071 1050 1143 praesens,
1072 1090 1298 1148 totusque
1319 1077 1446 1131 adeS.

304 1175 322 1183 -
393 1175 413 1183 ..
486 1148 656 1188 Pariter
659 1143 844 1205 studes,
872 1146 1012 1207 qualia
1031 1162 1093 1205 es,

134 1215 283 1268 Diem
326 1208 618 1283 no&emque
656 1211 988 1264 circumdatus.
1046 1230 1101 1264 ut
1131 1232 1338 1285 quaerere
1373 1216 1584 1283 libeat),

135 1280 394 1356 quomodo
432 1281 736 1334 Provinciam
767 1300 903 1334 tuam
939 1282 1134 1353 procul;
1162 1285 1291 1356 quasi
1326 1303 1489 1340 tamen
1511 1287 1584 1339 so-

132 1356 227 1405 lam
254 1390 269 1416 ‚
312 1368 454 1422 atque
493 1349 694 1403 adsitam
734 1354 965 1422 gubernes
998 1389 1013 1415 ‚
1058 1352 1181 1405 nihil
1208 1355 1400 1408 remisso
1433 1361 1582 1410 veteri

134 1443 268 1475 more
292 1460 306 1476 ,
337 1440 386 1471 ac
407 1438 657 1490 proventu.
753 1422 1016 1493 Numquid
1046 1442 1125 1493 per
1155 1423 1383 1478 seclusum
1414 1429 1472 1480 ab
1511 1427 1585 1480 so-

133 1494 284 1544 lemni
309 1494 574 1545 Convenru
604 1491 763 1541 otium
785 1495 801 1541 ?
823 1509 870 1543 at
890 1491 1081 1544 nullum
1095 1491 1332 1564 superat,-

298 1594 318 1604 -
389 1592 406 1600 -
478 1561 614 1607 Mane*
632 1563 741 1626 quod
759 1567 818 1608 Tu
840 1568 1052 1628 occoeperbi·

303 1634 525 1695 Negotium
543 1650 679 1697 agere,
697 1634 746 1679 id
758 1643 896 1680 totum
910 1633 1100 1699 procedit
1120 1633 1246 1683 diem.

132 1703 215 1753 An
234 1719 314 1770 per
335 1697 577 1751 ministros
590 1701 814 1753 vicarios?
850 1718 898 1754 at
923 1701 1018 1771 ipse
1049 1701 1228 1772 singula
1257 1701 1394 1772 legis,
1416 1702 1578 1765 audis,

132 1770 309 1831 dicias,
333 1769 490 1820 scribis
513 1806 527 1830 ‚
557 1771 772 1838 imperas.
875 1769 1133 1841 Postquam
1161 1771 1333 1823 scilicet
1355 1775 1577 1842 Imperia-

130 1841 251 1892 libus
273 1844 332 1892 lic
359 1837 600 1891 insuevisti
635 1840 876 1892 laboribus
898 1876 913 1902 ,
948 1857 1003 1891 ut
1033 1839 1130 1907 jam
1167 1859 1268 1892 non
1300 1840 1541 1912 fatigent,
1569 1866 1581 1896 :

134 1913 321 1962 minora
349 1927 564 1980 quaeque,
589 1912 766 1979 peragis
789 1946 802 1971 ‚
832 1927 1064 1980 tanquam
1086 1909 1210 1961 nihil
1234 1909 1445 1964 onustuS.
1468 1915 1580 1965 For-

132 1998 241 2032 tean
282 1997 496 2031 INsTAR
544 1997 940 2032 REM-:cuorus
1010 1998 1335 2033 EXIsTxMAS
1383 2000 1577 2034 MUTA-

129 2068 372 2105 TloNEM
404 2066 673 2100 LABonis.
759 2048 915 2119 Qod
947 2050 1032 2101 ubi
1063 2049 1190 2102 vidit
1222 2051 1578 2105 Ratisbonensis

130 2117 326 2172 Ecclesia
351 2155 364 2178 7
406 2116 712 2188 quantislibet
733 2123 852 2169 curis
885 2121 1134 2189 ingenium
1157 2136 1300 2172 tuum
1318 2119 1542 2190 supereffe
1566 2145 1578 2176 :

132 2185 233 2240 suas
253 2206 449 2258 quoque
473 2223 486 2247 ‚
527 2189 656 2256 piam
697 2187 1055 2257 impudentiam
1098 2189 1341 2257 superante
1372 2189 1578 2254 fiducia,

132 2256 394 2324 subjunxit.
424 2255 509 2308 sub
524 2275 581 2307 eo
602 2292 615 2317 ‚
637 2260 721 2326 qui
744 2275 830 2326 pro
859 2257 1090 2307 omnibus
1115 2256 1284 2320 exstat,
1316 2277 1408 2309 una
1431 2262 1577 2314 etiam

132 2349 189 2381 ex
212 2329 266 2378 iis
285 2327 513 2378 omnibus
537 2325 711 2377 futura.
784 2326 1016 2378 Feliciter!
1044 2327 1236 2378 Mirum
1262 2329 1394 2379 enim
1416 2331 1576 2381 inten,

135 2399 316 2451 Dioetae
346 2398 528 2457 turbas,
551 2412 789 2465 quantum
818 2395 940 2447 hanc
960 2394 1119 2448 statim
1131 2396 1424 2450 ordinaveris
1445 2435 1459 2460 ‚
1496 2419 1575 2450 au-

133 2467 360 2538 xerisque.
432 2467 601 2517 Fuitne
626 2465 776 2516 Infula
800 2502 815 2528 ‚
843 2485 947 2537 quae
972 2484 1072 2517 non
1097 2468 1194 2537 pari
1216 2468 1434 2537 exemplo
1458 2467 1577 2521 defi-

138 2537 372 2590 deraverit
412 2534 537 2588 istud
573 2537 768 2605 Caput?
813 2538 884 2587 At
907 2537 1120 2588 nimium
1146 2536 1331 2599 dividi,
1358 2538 1576 2591 consulto

135 2608 384 2676 ingenium
410 2605 611 2657 nolebas.
633 2622 741 2656 tum
764 2622 818 2656 ut
847 2607 1070 2674 integrius
1102 2605 1154 2657 id
1179 2607 1350 2660 Caesari
1374 2644 1387 2668 ‚
1425 2612 1471 2660 &
1491 2610 1573 2678 Ju-

136 2694 263 2728 vavo
286 2674 481 2728 servares
507 2699 517 2728 :
544 2680 592 2728 ὃς
606 2673 702 2745 quo
724 2675 873 2746 plures
896 2675 1067 2738 essent,
1102 2675 1128 2727 a
1146 2677 1320 2748 quibus
1340 2677 1570 2729 desidera-

134 2748 261 2800 retis.
297 2747 433 2798 Tunc
452 2785 466 2802 ,
487 2746 723 2817 quoniam
745 2747 857 2798 Tibi
879 2746 1014 2799 dotes
1032 2746 1354 2817 superfluunt:
1376 2747 1570 2800 Paslavi-

918 2819 953 2869 F
1439 2817 1572 2881 enfis,
