2118 3455
103 284 178 320 re:
201 263 284 315 ubi
306 277 381 314 tot
398 263 619 332 gentium
638 261 836 313 calentes
867 261 1097 330 gemitus,
1137 257 1372 328 desperata
1395 258 1538 329 suspi-

103 335 314 388 rantium
336 349 466 393 vota,
491 331 639 383 altum
671 331 766 399 jam
798 331 1133 401 conflagrantes
1166 330 1435 380 Germaniae
1468 349 1539 380 ca-

86 404 361 464 lamitates,
386 402 570 454 malum
592 401 827 473 denique,
850 398 981 467 cujus
1005 420 1091 451 nec
1122 400 1257 449 initia
1287 399 1441 469 paucis
1465 401 1541 450 in-

89 470 241 534 festa,
270 491 385 525 mox
406 471 631 525 universis
664 472 937 542 ingruebat,
997 470 1057 520 ad
1092 469 1275 520 lancem
1307 470 1540 522 venerint.

101 547 159 596 In
183 542 456 613 Hungarissi,
481 541 704 593 Moraviai
719 578 732 603 ,
757 539 908 594 Silelia
942 538 1138 591 incensae
1169 540 1303 591 urbes
1329 575 1344 601 ,
1382 558 1503 590 arces
1524 577 1539 602 ,

103 612 305 684 oppida,
352 612 471 664 villae
487 647 509 691 Ι,
561 611 649 661 alia
665 611 795 662 alteri
819 611 952 661 suam
980 609 1162 660 cladem
1183 611 1234 660 in
1257 611 1539 678 proximum

101 682 376 754 praelucebat
400 680 698 751 exemplum:
732 683 819 732 viae
842 681 942 750 igni
975 684 1021 732 &
1047 678 1270 748 sanguine
1301 680 1351 729 in
1381 699 1543 748 parem

101 771 268 804 omnes
290 753 473 801 exitum
496 750 747 811 ducebant,
761 750 851 802 live
872 751 1091 801 exitium.
1165 748 1434 818 Opulentos
1446 752 1541 820 pri-

99 844 150 872 us
173 819 371 893 quidem
391 819 600 882 divitiae,
631 822 779 891 quam
815 817 961 871 hostis
992 821 1044 869 in
1078 820 1401 888 captivitatem
1423 855 1438 881 ,
1496 824 1543 874 ὃς

98 909 286 942 crucem
312 890 535 959 agebant:
572 891 748 959 quibus
774 888 909 939 nullae
936 887 1164 941 fortunae,
1198 888 1254 937 iis
1289 906 1438 939 omne
1468 890 1544 939 in-

101 961 372 1012 fortunium
395 957 503 1009 fuit.
542 961 789 1028 Coniuges
813 955 953 1026 fuga,
989 956 1140 1018 ferro,
1176 974 1312 1025 raptu
1341 957 1541 1021 divulsi,

100 1032 295 1088 liberos,
321 1029 406 1099 qui
431 1026 690 1089 sensissbnr,
712 1028 771 1078 ad
796 1025 1193 1078 immanillimam
1226 1025 1540 1092 servitutem,

100 1101 273 1172 quibus
295 1096 490 1148 miseriae
508 1100 787 1154 arbitrium,
818 1114 898 1147 aut
929 1098 1050 1149 vires
1083 1116 1183 1147 non
1216 1094 1541 1166 suppetebant,

98 1170 158 1220 ad
193 1167 439 1219 meditatas
469 1169 615 1218 caedes
658 1167 998 1238 relinquebant.
1105 1165 1337 1217 Militaria
1372 1168 1543 1219 auxilia

98 1237 369 1291 etiamdum
393 1256 476 1288 nec
498 1239 549 1288 in
574 1237 648 1308 spe
673 1238 763 1288 ulla
785 1237 992 1288 aderant.
1031 1236 1163 1307 quod
1206 1237 1410 1287 barbaris
1450 1238 1540 1289 ho-

101 1309 246 1362 stibus
266 1309 316 1358 in
340 1326 480 1377 pace,
517 1311 565 1360 ὃς
595 1324 702 1359 ante
733 1307 911 1358 bellum
942 1304 1162 1367 infensis,
1203 1305 1395 1357 furendi
1431 1324 1543 1360 tunc

99 1382 351 1448 impunem
374 1377 635 1435 licentiam,
666 1375 833 1429 nostris
856 1376 1042 1446 prorsus
1071 1375 1450 1445 desperationem
1470 1380 1545 1430 in-

90 1450 303 1520 gerebat.
333 1461 336 1464 ’
376 1446 561 1515 Aquilae
586 1446 723 1498 Sedes
750 1446 941 1499 Austria
969 1445 1028 1497 lic
1058 1447 1243 1514 integro
1274 1447 1541 1498 adversario

97 1517 293 1589 perinde
314 1518 494 1585 impar,
516 1532 568 1566 ut
586 1518 837 1585 imparata,
862 1533 978 1566 tunc
1014 1515 1359 1584 trepidaverat,
1398 1520 1538 1569 omni

99 1587 239 1640 simul
262 1583 523 1637 Germani-3
546 1602 885 1636 contremente.
932 1584 1118 1636 Ultima
1154 1584 1357 1655 quidem
1388 1589 1542 1655 perni-

97 1661 188 1707 cies
209 1656 589 1726 quamplurimos
606 1658 877 1723 occupavit:
902 1671 1057 1705 metus
1073 1689 1086 1714 ,
1113 1671 1268 1706 morte
1296 1653 1453 1723 pejor,
1490 1675 1544 1707 ο,

103 1746 247 1777 mnes.
288 1723 536 1794 solumque
556 1722 839 1786 discrimen,
898 1743 958 1775 an
989 1724 1133 1775 etiam
1163 1741 1400 1775 certamen
1420 1744 1543 1788 erat,

101 1793 339 1848 feliciusne
363 1792 743 1863 quamprimum,
765 1813 825 1843 an
844 1792 1002 1862 postea
1030 1795 1371 1855 iiiacffaientur,
1397 1793 1421 1846 al
1443 1814 1544 1848 cot—

102 1863 283 1917 tidiana
296 1900 310 1925 ,
331 1860 669 1934 ingeniosaque
688 1861 911 1914 saeviendi
935 1864 1157 1915 varietate
1171 1899 1184 1923 ,
1222 1864 1435 1931 exempla
1457 1867 1544 1918 fibi

99 1937 280 2004 semper
300 1931 456 2002 pejora
478 1930 806 1983 formidantes.
914 1934 991 1983 Tu
1017 1931 1275 1984 Mitissime
1302 1937 1542 2006 Princeps,

101 2008 289 2057 caulam
312 2001 473 2071 procul
506 1999 870 2071 adgementium
903 2000 1159 2071 suscipere:
1214 2001 1310 2069 ejus
1340 2008 1542 2073 gravita-

101 2094 201 2127 tem
222 2070 570 2142 potentioribus
581 2071 848 2142 quibusque
862 2070 1102 2122 declarare.
1125 2091 1246 2142 quos
1259 2093 1314 2125 ex
1334 2075 1389 2124 iis
1409 2074 1545 2130 idem

104 2141 368 2216 periculum
389 2142 493 2199 situ,
517 2156 599 2191 aut
621 2138 740 2191 forte
762 2143 1037 2210 contingere
1055 2143 1201 2209 pollet
1210 2161 1222 2200 5
1241 2143 1542 2199 succurrendi

106 2211 367 2265 necestitate
389 2209 446 2259 ad
470 2209 760 2279 properanda
782 2209 952 2260 auxilia
970 2209 1152 2261 trahere
1174 2233 1185 2262 :
1251 2231 1373 2282 quos
1405 2214 1494 2266 hac
1516 2220 1543 2272 ἃ

103 2281 213 2335 cuni·
239 2278 487 2350 metuque,
508 2281 721 2348 potentia
741 2277 1032 2348 seposuiffet,
1064 2296 1148 2330 aut
1172 2284 1317 2350 patria
1340 2305 1352 2335 :
1402 2303 1544 2354 pene-

105 2370 256 2405 trante
279 2347 501 2401 facundia
531 2347 714 2399 ducere.
753 2366 892 2420 atque
910 2349 993 2399 ubi
1019 2349 1175 2401 Verbis
1192 2350 1399 2405 demum
1430 2354 1542 2410 feci-

104 2423 175 2481 sti,
206 2437 259 2472 ut
278 2419 474 2480 vellent,
504 2436 554 2467 ac
585 2419 954 2487 promitterentz
990 2418 1224 2489 praemissb
1253 2438 1446 2477 tuomet
1469 2430 1543 2480 in-

100 2493 229 2562 genti
251 2489 469 2558 exemplo
490 2485 707 2550 effecisti,
733 2506 786 2540 ut
820 2488 885 2538 illi
950 2488 1194 2543 romissam
1224 2511 1367 2562 opem
1397 2497 1545 2566 quam

106 2558 340 2613 celerrime
368 2557 656 2629 expedirent.
741 2507 1017 2613 ConfeKim
1058 2579 1230 2630 nempe
1261 2569 1542 2634 pecuniam,

104 2648 250 2689 arma,
274 2646 460 2680 caeteros
481 2643 737 2698 apparatuS,
759 2628 921 2680 adhaec
942 2630 1115 2682 milites
1131 2630 1383 2687 submisisti
1399 2657 1545 2708 :quo-

106 2719 215 2750 rum
237 2699 436 2766 pretium
464 2699 577 2749 inde
603 2695 714 2749 ver&
735 2697 856 2751 rec³teX
877 2705 1253 2773 computaveris,
1307 2707 1441 2776 quod
1460 2710 1544 2761 ad-

109 2767 385 2836 jumentum
402 2767 573 2829 Caesari
594 2767 803 2823 tulerint.
1101 2775 1141 2825 E
1379 2766 1539 2844 Fama,
