2118 3455
440 279 571 352 piffet
654 278 806 333 Valde}
826 279 1006 334 mirum
1029 281 1148 337 illos,
1167 283 1342 353 quibus
1360 281 1529 336 eadem
1546 284 1744 336 honoris
1768 285 1888 335 tanti

440 351 537 422 spes
557 347 621 403 est
638 387 653 413 ,
682 352 733 401 in
755 371 913 404 unum
934 356 1214 424 quempiam
1246 352 1377 405 velut
1415 373 1471 405 ex
1498 353 1687 407 decreto
1714 373 1888 406 conve-

442 425 552 473 nire.
599 421 895 480 mirabilius5
947 422 1006 484 ii,
1042 442 1190 494 quem
1221 424 1498 475 communis
1525 422 1774 476 aestimatio
1803 423 1891 475 diu

441 490 672 562 praetulit,
695 493 708 541 i
728 491 775 541 bi
797 490 957 542 adhuc
975 492 1115 545 duret
1134 511 1148 552 5
1178 495 1263 545 ubi
1292 493 1561 555 aemulatio,
1583 491 1891 565 ejusdemque

441 559 696 614 commodi
717 561 896 612 occasio
916 565 1197 625 amicitiam,
1216 563 1291 616 vel
1307 562 1624 615 constantiam
1648 562 1891 614 indemni-

442 649 511 684 ter
531 631 766 699 frangere,
787 650 902 683 nam
924 632 1104 684 occulte)
1121 631 1305 704 potest5
1340 653 1392 684 ac
1422 649 1665 703 propterea
1693 630 1788 683 fere
1820 631 1891 683 so-

440 703 518 753 let.
588 698 906 753 Tutissimum
930 703 1076 772 igitur
1096 722 1230 756 novo
1248 705 1449 774 Principi
1474 702 1738 774 auspicium
1763 703 1893 754 Tibi,

442 768 761 840 solatiumque
782 769 960 824 fuerat:
982 788 1117 824 antea
1137 771 1335 835 censeri,
1364 771 1513 843 quam
1539 775 1713 825 vocari.
1788 777 1893 824 kls-r

443 859 594 894 ΕΝιΜ
654 858 887 893 DEMUM
947 859 1101 894 VERA
1159 861 1486 904 FELICITAS,
1539 859 1897 895 FELicr‘rATE

446 927 698 966 DioNuM
730 929 958 964 VIDERI.
992 912 1131 964 Tunc

559 981 788 1028 Pulchrum
808 983 867 1047 cst
886 983 1014 1047 dzgito
1032 985 1258 1049 monstrari
1271 1020 1284 1035 ,
1305 981 1357 1036 ὅ
1375 984 1530 1041 dicier,
1552 985 1630 1030 Hic
1649 980 1722 1029 essi.

445 1048 568 1120 Q&
590 1066 753 1102 autem
773 1051 991 1103 universa
1011 1051 1120 1104 esset
1131 1089 1146 1114 ,
1167 1052 1241 1103 illa
1263 1054 1358 1103 Tui
1382 1056 1434 1104 in
1454 1051 1562 1103 fatis
1595 1046 1866 1103 etiamdum
1880 1081 1897 1108 ,

446 1125 494 1173 ὅ(
510 1139 672 1171 arcana
691 1119 982 1191 designatio:
1019 1121 1215 1183 sincera,
1238 1140 1288 1171 ac
1309 1140 1454 1192 prope
1488 1119 1644 1171 infans
1677 1117 1899 1185 juventus

446 1189 527 1240 sua
547 1207 743 1259 quoque
762 1206 876 1242 vota
898 1192 1222 1253 ominabatur,
1245 1189 1324 1243 seu
1347 1193 1514 1243 omina
1533 1189 1755 1243 vovebat.
1776 1189 1897 1237 Non

447 1257 760 1329 indignabere
778 1260 1069 1313 Clement.'¹³e
1091 1262 1333 1323 Princeps,
1358 1264 1409 1312 in
1434 1260 1649 1312 futuram
1670 1275 1805 1308 tuam
1827 1256 1898 1306 di-

447 1331 683 1398 gnitatem
701 1327 878 1391 lusum,
904 1328 983 1381 sed
1004 1327 1124 1382 serio
1147 1325 1413 1401 praelusum.
1454 1346 1594 1400 atque
1622 1344 1675 1378 ut
1704 1327 1900 1376 certiore

446 1400 682 1450 Numinis
705 1397 905 1461 indicio,
926 1419 977 1450 ac
999 1417 1198 1453 eventu:
1221 1401 1279 1452 ab
1303 1402 1559 1451 innocente
1581 1395 1732 1450 turba·
1786 1398 1902 1446 Pue-

449 1486 616 1519 rorum
635 1484 743 1520 etat.
782 1472 830 1521 ὃς
852 1489 908 1520 ex
928 1468 1003 1520 his
1029 1469 1289 1523 ferventior
1311 1490 1451 1530 unus,
1479 1469 1746 1537 caeterisque
1770 1464 1900 1540 sacrae

448 1539 515 1589 rei
537 1554 691 1599 autor,
723 1556 783 1587 an
804 1542 962 1589 vates?
996 1539 1341 1590 Kalendarium
1370 1539 1499 1610 quast
1536 1533 1784 1589 necessario
1806 1539 1903 1584 fur-

450 1624 504 1659 to
525 1605 679 1659 aufert
702 1609 753 1657 in
776 1607 1028 1678 publicum
1048 1610 1251 1660 trivium
1269 1607 1444 1661 :socios
1466 1609 1611 1677 cogit,
1633 1606 1903 1658 solemnem.

452 1676 628 1728 ludum
653 1675 820 1738 docet,
841 1696 892 1727 ac
914 1677 1085 1729 indicit
1107 1676 1201 1744 jam
1228 1677 1368 1730 initio
1392 1677 1746 1748 plaudentibus,
1761 1690 1903 1743 atque

449 1765 570 1816 opus
591 1745 887 1798 contentiose
911 1744 1259 1799 festinantibus.
1334 1749 1502 1817 Longa
1534 1744 1611 1797 illa
1643 1743 1826 1804 charta,
1851 1745 1903 1793 in

451 1814 548 1887 qua
571 1817 939 1868 Canonicorum
962 1815 1121 1877 serieS,
1155 1815 1428 1877 forficibus,
1463 1815 1714 1885 cultrisque
1748 1812 1904 1882 fingu-

451 1886 608 1936 lariter
639 1883 939 1935 discinditur.
1017 1887 1150 1937 Hinc
1179 1886 1499 1956 nequicquam
1533 1882 1785 1936 ambitiose
1819 1883 1904 1934 libi

452 1973 639 2007 nomen
661 1973 711 2004 ac
734 1953 985 2023 personam
1016 1953 1142 2024 prius
1172 1956 1372 2026 quisque
1406 1953 1694 2025 suscipiunt,
1751 1951 1906 2022 quam

450 2023 671 2078 distribui
705 2021 942 2094 potuisset.
1017 2026 1154 2087 Viri,
1190 2025 1491 2095 faeminaeque
1524 2023 1669 2075 multi
1703 2023 1904 2075 obviam

453 2093 585 2155 stare,
611 2095 813 2163 opperiri
835 2092 1067 2164 quorsum
1087 2095 1280 2164 operosa
1295 2093 1378 2147 ista
1390 2095 1611 2149 Comitia
1631 2094 1903 2145 evenirent:

453 2164 567 2215 cum
588 2161 861 2232 negotiosus
892 2162 967 2214 ille
989 2165 1242 2226 Director,
1274 2163 1335 2216 de
1365 2164 1563 2218 ordine,
1596 2161 1793 2224 officiis,
1828 2160 1907 2212 sed

454 2250 591 2284 antea
614 2232 763 2283 fidem
789 2231 1023 2301 praedicat.
1058 2232 1188 2299 cujus
1209 2237 1292 2305 qui
1313 2234 1655 2286 sacramentum
1676 2232 1907 2302 neglexet‚

455 2305 500 2355 ei
522 2300 666 2372 longa
686 2299 881 2371 posthac
903 2301 1156 2365 arundine,
1179 2302 1473 2375 nucibusque
1504 2302 1814 2356 interdictum
1840 2299 1907 2351 es-

456 2373 514 2424 se.
589 2371 888 2442 Excipiendis
907 2371 1138 2441 suffragiis
1159 2373 1400 2444 supinatus
1423 2373 1569 2444 pileus
1588 2393 1675 2444 pro
1700 2370 1816 2422 urna
1830 2370 1907 2420 fu-

458 2444 522 2501 it5
558 2445 607 2494 ὃς
630 2440 817 2511 longius
845 2444 897 2493 in
918 2442 1161 2513 aggestum
1185 2442 1245 2494 ad
1277 2463 1362 2494 arae
1389 2442 1557 2506 instar,
1593 2442 1814 2513 cespitem
1839 2438 1905 2489 se-

457 2511 667 2582 pofitus:
703 2528 757 2562 ut
789 2510 1023 2564 haberent
1053 2533 1253 2584 nempe,
1287 2512 1385 2584 quo
1416 2513 1743 2584 procederent,
1779 2508 1909 2582 apud.

456 2582 735 2651 spe&atores
760 2580 976 2634 fructum
998 2583 1297 2635 authoritatis
1324 2585 1562 2656 captaturi.
1635 2584 1785 2652 Igitur
1807 2599 1910 2650 per.

460 2652 627 2704 sonam
648 2651 871 2713 sumunt,
898 2656 947 2705 &
978 2651 1242 2707 filentium:
1282 2653 1641 2725 ingrediuntur,
1671 2649 1750 2704 illa
1783 2647 1909 2722 quis-

461 2739 554 2793 que
573 2741 686 2774 cum
704 2720 948 2787 Majestate
964 2758 978 2787 ,
1002 2721 1094 2794 qua
1121 2722 1309 2778 futurus
1330 2725 1566 2793 Princeps:
1597 2720 1795 2774 calculos
1821 2716 1908 2771 rite

1697 2803 1906 2861 ponunt:
